%%CMS reconstruction
@article{Lange:2011zza,
      author         = "Lange, David J.",
      title          = "{The CMS reconstruction software}",
      collaboration  = "CMS",
      journal        = "J.Phys.Conf.Ser.",
      volume         = "331",
      pages          = "032020",
      doi            = "10.1088/1742-6596/331/3/032020",
      year           = "2011",
      SLACcitation   = "%%CITATION = 00462,331,032020;%%",
}
%% MC Generators
@article{Buckley:2011ms,
      author         = "Buckley, Andy and others",
      title          = "{General-purpose event generators for LHC physics}",
      journal        = "Phys. Rept.",
      volume         = "504",
      year           = "2011",
      pages          = "145-233",
      doi            = "10.1016/j.physrep.2011.03.005",
      eprint         = "1101.2599",
      archivePrefix  = "arXiv",
      primaryClass   = "hep-ph",
      reportNumber   = "CAVENDISH-HEP-10-21, CERN-PH-TH-2010-298, DCPT-10-202,HD-THEP-10-24, IPPP-10-101, KA-TP-40-2010, LU-TP-10-28,MAN-HEP-2010-23, MCNET-11-01, SLAC-PUB-14333,--HD-THEP-10-24, --MCNET-11-01",
      SLACcitation   = "%%CITATION = ARXIV:1101.2599;%%"
}

@article{Dobbs:2004qw,
      author         = "Dobbs, M.A. and Frixione, S. and Laenen, Eric and Tollefson, K. and Baer, H. and others",
      title          = "{Les Houches guidebook to Monte Carlo generators for hadron collider physics}",
      pages          = "411-459",
      year           = "2004",
      eprint         = "hep-ph/0403045",
      archivePrefix  = "arXiv",
      primaryClass   = "hep-ph",
      reportNumber   = "FERMILAB-CONF-04-183-T",
      SLACcitation   = "%%CITATION = HEP-PH/0403045;%%",
}

@article{MC_Tech,
       author = {Robert, Christian P.},
       title = {Monte Carlo Methods},
       publisher = {John Wiley $\&$ Sons, Ltd},
       isbn = {9781118445112},
       url = {http://dx.doi.org/10.1002/9781118445112.stat03876.pub2},
       doi = {10.1002/9781118445112.stat03876.pub2},
       year = {2014},
}

@book{robert2004monte,
      title={Monte carlo methods},
      author={Robert, Christian P},
      year={2004},
      publisher={Wiley Online Library}
}

%% PF reconstruction algorithm
@article{Sirunyan:2017ulk,
      author         = "Sirunyan, A. M. and others",
      title          = "{Particle-flow reconstruction and global event
                         description with the CMS detector}",
      collaboration  = "CMS",
      journal        = "JINST",
      volume         = "12",
      year           = "2017",
      pages          = "P10003",
      doi            = "10.1088/1748-0221/12/10/P10003",
      eprint         = "1706.04965",
      archivePrefix  = "arXiv",
      primaryClass   = "physics.ins-det",
      reportNumber   = "CMS-PRF-14-001, CERN-EP-2017-110",
      SLACcitation   = "%%CITATION = ARXIV:1706.04965;%%"
}
%% CMS Track Reconstruction
@techreport{Adam:934067,
      author        = "Adam, Wolfgang and Mangano, Boris and Speer, Thomas and Todorov, Teddy",
      title         = "{Track Reconstruction in the CMS tracker}",
      institution   = "CERN",
      collaboration = "CMS",
      address       = "Geneva",
      number        = "CMS-NOTE-2006-041",
      month         = "Dec",
      year          = "2006",
      reportNumber  = "CMS-NOTE-2006-041",
      url           = "https://cds.cern.ch/record/934067",
}
%% Kalman filter for tracks
@article{Fruhwirth:1987fm,
      author         = "Fruhwirth, R.",
      title          = "{Application of Kalman filtering to track and vertex fitting}",
      journal        = "Nucl.Instrum.Meth.",
      volume         = "A262",
      pages          = "444-450",
      doi            = "10.1016/0168-9002(87)90887-4",
      year           = "1987",
      reportNumber   = "HEPHY-PUB-87-503",
      SLACcitation   = "%%CITATION = NUIMA,A262,444;%%",
}

%% photon reconstruction
@article{Khachatryan:2015iwa,
      author         = "Khachatryan, Vardan and others",
      title          = "{Performance of photon reconstruction and identification with the CMS detector in proton-proton collisions at $\sqrt{s}$ = 8 TeV}",
      collaboration  = "CMS",
      year           = "2015",
      eprint         = "1502.02702",
      archivePrefix  = "arXiv",
      primaryClass   = "physics.ins-det",
      reportNumber   = "CMS-EGM-14-001, CERN-PH-EP-2015-006",
      SLACcitation   = "%%CITATION = ARXIV:1502.02702;%%",
}












%%%%%%%%%%%%%%%%%%%%%%%%%%%%%%%%%%%%%%%%%%%%%%%%%%%%%<<<<<< CHAPTER-3 >>>>>>>>%%%%%%%%%%%%%%%%%%%%%%%%%%%%%
%%CTEQ
@article{Nadolsky:2008zw,
      author         = "Nadolsky, Pavel M. and Lai, Hung-Liang and Cao, Qing-Hong and Huston, Joey and Pumplin, Jon and others",
      title          = "{Implications of CTEQ global analysis for collider observables}",
      journal        = "Phys.Rev.",
      volume         = "D78",
      pages          = "013004",
      doi            = "10.1103/PhysRevD.78.013004",
      year           = "2008",
      eprint         = "0802.0007",
      archivePrefix  = "arXiv",
      primaryClass   = "hep-ph",
      reportNumber   = "MSUHEP-080125, UCRHEP-T447",
      SLACcitation   = "%%CITATION = ARXIV:0802.0007;%%",
}
%%% CTEQ6L1
@article{Pumplin:2002vw,
      author         = "Pumplin, J. and Stump, D.R. and Huston, J. and Lai, H.L. and Nadolsky, Pavel M. and others",
      title          = "{New generation of parton distributions with uncertainties from global QCD analysis}",
      journal        = "JHEP",
      volume         = "0207",
      pages          = "012",
      doi            = "10.1088/1126-6708/2002/07/012",
      year           = "2002",
      eprint         = "hep-ph/0201195",
      archivePrefix  = "arXiv",
      primaryClass   = "hep-ph",
      reportNumber   = "MSU-HEP-011101",
      SLACcitation   = "%%CITATION = HEP-PH/0201195;%%",
}
%%% CTEQ6L1
@article{Martin:2009iq,
      author         = "Martin, A.D. and Stirling, W.J. and Thorne, R.S. and Watt, G.",
      title          = "{Parton distributions for the LHC}",
      journal        = "Eur.Phys.J.",
      volume         = "C63",
      pages          = "189-285",
      doi            = "10.1140/epjc/s10052-009-1072-5",
      year           = "2009",
      eprint         = "0901.0002",
      archivePrefix  = "arXiv",
      primaryClass   = "hep-ph",
      reportNumber   = "IPPP-08-95, DCPT-08-190, CAVENDISH-HEP-08-16",
      SLACcitation   = "%%CITATION = ARXIV:0901.0002;%%",
}
%% DGLAP evolution equations
@article{Altarelli:1977zs,
      author         = "Altarelli, Guido and Parisi, G.",
      title          = "{Asymptotic Freedom in Parton Language}",
      journal        = "Nucl.Phys.",
      volume         = "B126",
      pages          = "298",
      doi            = "10.1016/0550-3213(77)90384-4",
      year           = "1977",
      reportNumber   = "LPTENS-77-6",
      SLACcitation   = "%%CITATION = NUPHA,B126,298;%%",
}
%% Lund Model
@article{Sjostrand:1986hx,
      author         = "Sjostrand, Torbjorn and Bengtsson, Mats",
      title          = "{The Lund Monte Carlo for Jet Fragmentation and e+ e- Physics. Jetset Version 6.3: An Update}",
      journal        = "Comput. Phys. Commun.",
      volume         = "43",
      pages          = "367",
      doi            = "10.1016/0010-4655(87)90054-3",
      year           = "1987",
      reportNumber   = "LU-TP-86-22",
      SLACcitation   = "%%CITATION = CPHCB,43,367;%%",
}
%%% Pythia
@article{Sjostrand:2006za,
      author         = "Sjostrand, Torbjorn and Mrenna, Stephen and Skands, Peter Z.",
      title          = "{PYTHIA 6.4 Physics and Manual}",
      journal        = "JHEP",
      volume         = "0605",
      pages          = "026",
      doi            = "10.1088/1126-6708/2006/05/026",
      year           = "2006",
      eprint         = "hep-ph/0603175",
      archivePrefix  = "arXiv",
      primaryClass   = "hep-ph",
      reportNumber   = "FERMILAB-PUB-06-052-CD-T, LU-TP-06-13",
      SLACcitation   = "%%CITATION = HEP-PH/0603175;%%",
}
%%% Madgraph
@article{Alwall:2014hca,
      author         = "Alwall, J. and Frederix, R. and Frixione, S. and Hirschi, V. and Maltoni, F. and others",
      title          = "{The automated computation of tree-level and next-to-leading order differential cross sections, and their matching to parton shower simulations}",
      journal        = "JHEP",
      volume         = "1407",
      pages          = "079",
      doi            = "10.1007/JHEP07(2014)079",
      year           = "2014",
      eprint         = "1405.0301",
      archivePrefix  = "arXiv",
      primaryClass   = "hep-ph",
      reportNumber   = "CERN-PH-TH-2014-064, CP3-14-18, LPN14-066, MCNET-14-09,
                        ZU-TH-14-14",
      SLACcitation   = "%%CITATION = ARXIV:1405.0301;%%",
}
%%ALOHA
@article{deAquino:2011ub,
      author         = "de Aquino, Priscila and Link, William and Maltoni, Fabio and Mattelaer, Olivier and Stelzer, Tim",
      title          = "{ALOHA: Automatic Libraries Of Helicity Amplitudes for Feynman Diagram Computations}",
      journal        = "Comput. Phys. Commun.",
      volume         = "183",
      year           = "2012",
      pages          = "2254-2263",
      doi            = "10.1016/j.cpc.2012.05.004",
      eprint         = "1108.2041",
      archivePrefix  = "arXiv",
      primaryClass   = "hep-ph",
      reportNumber   = "CP3-11-26",
      SLACcitation   = "%%CITATION = ARXIV:1108.2041;%%"
}
%% Alpgen
@article{Mangano:2002ea,
      author         = "Mangano, Michelangelo L. and Moretti, Mauro and Piccinini, Fulvio and Pittau, Roberto and Polosa, Antonio D.",
      title          = "{ALPGEN, a generator for hard multiparton processes in hadronic collisions}",
      journal        = "JHEP",
      volume         = "0307",
      pages          = "001",
      doi            = "10.1088/1126-6708/2003/07/001",
      year           = "2003",
      eprint         = "hep-ph/0206293",
      archivePrefix  = "arXiv",
      primaryClass   = "hep-ph",
      reportNumber   = "CERN-TH-2002-129, FTN-T-2002-06",
      SLACcitation   = "%%CITATION = HEP-PH/0206293;%%",
}
%% Herwig++
@article{Bahr:2008pv,
      author         = "Bahr, M. and Gieseke, S. and Gigg, M.A. and Grellscheid, D. and Hamilton, K. and others",
      title          = "{Herwig++ Physics and Manual}",
      journal        = "Eur.Phys.J.",
      volume         = "C58",
      pages          = "639-707",
      doi            = "10.1140/epjc/s10052-008-0798-9",
      year           = "2008",
      eprint         = "0803.0883",
      archivePrefix  = "arXiv",
      primaryClass   = "hep-ph",
      reportNumber   = "CERN-PH-TH-2008-038, CAVENDISH-HEP-08-03, KA-TP-05-2008,
                        DCPT-08-22, IPPP-08-11, CP3-08-05",
      SLACcitation   = "%%CITATION = ARXIV:0803.0883;%%",
}
%% Sherpa
@article{Gleisberg:2008ta,
      author         = "Gleisberg, T. and Hoeche, Stefan. and Krauss, F. and Schonherr, M. and Schumann, S. and others",
      title          = "{Event generation with SHERPA 1.1}",
      journal        = "JHEP",
      volume         = "0902",
      pages          = "007",
      doi            = "10.1088/1126-6708/2009/02/007",
      year           = "2009",
      eprint         = "0811.4622",
      archivePrefix  = "arXiv",
      primaryClass   = "hep-ph",
      reportNumber   = "FERMILAB-PUB-08-477-T, SLAC-PUB-13420, ZU-TH-17-08,
                        DCPT-08-138, IPPP-08-69, EDINBURGH-2008-30, MCNET-08-14",
      SLACcitation   = "%%CITATION = ARXIV:0811.4622;%%",
}
%%
@article{Alwall:2006yp,
      author         = "Alwall, Johan and Ballestrero, A. and Bartalini, P. and Belov, S. and Boos, E. and others",
      title          = "{A Standard format for Les Houches event files}",
      journal        = "Comput.Phys.Commun.",
      volume         = "176",
      pages          = "300-304",
      doi            = "10.1016/j.cpc.2006.11.010",
      year           = "2007",
      eprint         = "hep-ph/0609017",
      archivePrefix  = "arXiv",
      primaryClass   = "hep-ph",
      reportNumber   = "FERMILAB-PUB-06-337-T, CERN-LCGAPP-2006-03",
      SLACcitation   = "%%CITATION = HEP-PH/0609017;%%",
}
%% MLM Matching
@article{Mangano:2001xp,
      author         = "Mangano, Michelangelo L. and Moretti, Mauro and Pittau, Roberto",
      title          = "{Multijet matrix elements and shower evolution in hadronic collisions: $W b \bar{b}$ + $n$ jets as a case study}",
      journal        = "Nucl.Phys.",
      volume         = "B632",
      pages          = "343-362",
      doi            = "10.1016/S0550-3213(02)00249-3",
      year           = "2002",
      eprint         = "hep-ph/0108069",
      archivePrefix  = "arXiv",
      primaryClass   = "hep-ph",
      reportNumber   = "CERN-TH-2001-215",
      SLACcitation   = "%%CITATION = HEP-PH/0108069;%%",
}
%%% CKKW
@article{Krauss:2002up,
      author         = "Krauss, F.",
      title          = "{Matrix elements and parton showers in hadronic interactions}",
      journal        = "JHEP",
      volume         = "0208",
      pages          = "015",
      doi            = "10.1088/1126-6708/2002/08/015",
      year           = "2002",
      eprint         = "hep-ph/0205283",
      archivePrefix  = "arXiv",
      primaryClass   = "hep-ph",
      SLACcitation   = "%%CITATION = HEP-PH/0205283;%%",
}
%% TAOULA
@article{Was:2000st,
      author         = "Was, Z.",
      title          = "{TAUOLA the library for tau lepton decay, and KKMC / KORALB / KORALZ /... status report}",
      journal        = "Nucl.Phys.Proc.Suppl.",
      volume         = "98",
      pages          = "96-102",
      doi            = "10.1016/S0920-5632(01)01200-2",
      year           = "2001",
      eprint         = "hep-ph/0011305",
      archivePrefix  = "arXiv",
      primaryClass   = "hep-ph",
      SLACcitation   = "%%CITATION = HEP-PH/0011305;%%",
}
%% Geant
@article{Agostinelli:2002hh,
      author         = "Agostinelli, S. and others",
      title          = "{GEANT4: A Simulation toolkit}",
      collaboration  = "GEANT4",
      journal        = "Nucl.Instrum.Meth.",
      volume         = "A506",
      pages          = "250-303",
      doi            = "10.1016/S0168-9002(03)01368-8",
      year           = "2003",
      reportNumber   = "SLAC-PUB-9350, FERMILAB-PUB-03-339",
      SLACcitation   = "%%CITATION = NUIMA,A506,250;%%",
}
%% Tune Z2*
@article{Chatrchyan:2011id,
      author         = "Chatrchyan, Serguei and others",
      title          = "{Measurement of the Underlying Event Activity at the LHC with $\sqrt{s}= 7$ TeV and Comparison with $\sqrt{s} =
                        0.9$ TeV}",
      collaboration  = "CMS",
      journal        = "JHEP",
      volume         = "1109",
      pages          = "109",
      doi            = "10.1007/JHEP09(2011)109",
      year           = "2011",
      eprint         = "1107.0330",
      archivePrefix  = "arXiv",
      primaryClass   = "hep-ex",
      reportNumber   = "CERN-PH-EP-2011-059, CMS-QCD-10-010",
      SLACcitation   = "%%CITATION = ARXIV:1107.0330;%%",
}
@article{Field:2010bc,
      author         = "Field, Rick",
      title          = "{Early LHC Underlying Event Data - Findings and Surprises}",
      year           = "2010",
      eprint         = "1010.3558",
      archivePrefix  = "arXiv",
      primaryClass   = "hep-ph",
      SLACcitation   = "%%CITATION = ARXIV:1010.3558;%%",
}
@misc{Web:Production,
    title          = {Physics Data and Monte-Carlo Production},
    collaboration  = "CMS",         
    howpublished   = {\url{https://twiki.cern.ch/twiki/bin/view/CMS/PdmV2012Analysis}},
    note           = {Accessed: 2015},
}
%%%%%%%%%%%%%%%%%%%%%%%%%%%%%%%%%%%%%%%%%%%%%%%%%%%%%<<<<<< CHAPTER-4 >>>>>>>>%%%%%%%%%%%%%%%%%%%%%%%%%%%%%
%% Particle Flow
@techreport{CMS-PAS-PFT-09-001,
      title         = "{Particle-Flow Event Reconstruction in CMS and Performance for Jets, Taus, and MET}",
      institution   = "CERN",
      collaboration = "CMS",
      address       = "2009. Geneva",
      number        = "CMS-PAS-PFT-09-001",
      month         = "Apr",
      year          = "2009",
      reportNumber  = "CMS-PAS-PFT-09-001",
      url           = "http://cds.cern.ch/record/1194487",
}
@techreport{CMS-PAS-PFT-10-001,
      title         = "{Commissioning of the Particle-flow Event Reconstruction with the first LHC collisions recorded in the CMS detector}",
      institution   = "CERN",
      collaboration = "CMS",
      year          = "2010",
      number        = "CMS-PAS-PFT-10-001",
      reportNumber  = "CMS-PAS-PFT-10-001",
      url           = "http://cds.cern.ch/record/1247373",
}
%%% Beamspot
@techreport{Miao:1061285,
      author        = "Miao, Ting and Leioatts, N and Wenzel, Hans and Yumiceva, Francisco",
      title         = "{Beam Position Determination using Tracks}",
      institution   = "CERN",
      collaboration = "CMS",
      address       = "Geneva",
      number        = "CMS-NOTE-2007-021",
      month         = "Aug",
      year          = "2007",
      reportNumber  = "CMS-NOTE-2007-021",
      url           = "https://cds.cern.ch/record/1061285",
}
%% Adaptive Vertex Fitting
@techreport{Schmidt:1345323,
      author        = "Schmidt, Alexander",
      title         = "{Performance of Track and Vertex Reconstruction and B-Tagging Studies with CMS in pp Collisions at sqrt(s)=7 TeV}",
      institution   = "CERN",
      collaboration = "CMS Collaboration",
      address       = "Geneva",
      number        = "CMS-CR-2011-047",
      month         = "Mar",
      year          = "2011",
      reportNumber  = "CMS-CR-2011-047",
      url           = "https://cds.cern.ch/record/1345323",
}
@techreport{Fruhwirth:1027031,
      author        = "Fr$\ddot{\mathrm{u}}$hwirth, R and Waltenberger, Wolfgang and Vanlaer, Pascal",
      title         = "{Adaptive Vertex Fitting}",
      institution   = "CERN",
      collaboration = "CMS",
      address       = "Geneva",
      number        = "CMS-NOTE-2007-008",
      month         = "Mar",
      year          = "2007",
      reportNumber  = "CMS-NOTE-2007-008",
      url           = "https://cds.cern.ch/record/1027031",
}
%% ECAL Clustering
@techreport{Meschi:687345,
      author        = "Meschi, Emilio and Monteiro, T and Seez, Christopher and Vikas, Pratibha",
      title         = "{Electron Reconstruction in the CMS Electromagnetic Calorimeter}",
      institution   = "CERN",
      address       = "Geneva",
      number        = "CMS-NOTE-2001-034",
      month         = "Jun",
      year          = "2001",
      reportNumber  = "CMS-NOTE-2001-034",
      url           = "https://cds.cern.ch/record/687345",
}
@techreport{Anderson:1365024,
      author        = "Anderson, Mary and Askew, Andrew and Barfuss, Anne-fleur and Evans, David and Ferri, Federico and Kaadze, Ketino and Maravin, Yurii and Meridiani, Paolo and Seez, Christopher",
      title         = "{Review of clustering algorithms and energy corrections in ECAL}",
      institution   = "CERN",
      collaboration = "CMS",
      address       = "Geneva",
      number        = "CMS-IN-2010-008",
      month         = "Mar",
      year          = "2010",
      reportNumber  = "CMS-IN-2010-008",
      url           = "https://cds.cern.ch/record/1365024",
}
%% Photon Reconstruction
@article{Khachatryan:2015hwa,
      author         = "Khachatryan, Vardan and others",
      title          = "{Performance of Electron Reconstruction and Selection with the CMS Detector in Proton-Proton Collisions at $\sqrt{s}=8$TeV}",
      collaboration  = "CMS",
      journal        = "JINST",
      volume         = "10",
      year           = "2015",
      number         = "06",
      pages          = "P06005",
      doi            = "10.1088/1748-0221/10/06/P06005",
      eprint         = "1502.02701",
      archivePrefix  = "arXiv",
      primaryClass   = "physics.ins-det",
      reportNumber   = "CMS-EGM-13-001, CERN-PH-EP-2015-004",
      SLACcitation   = "%%CITATION = ARXIV:1502.02701;%%"
}

%%% GSF Electron
@techreport{Adam:815410,
      author        = "Adam, Wolfgang and Fr$\ddot{\mathrm{u}}$hwirth, R and Strandlie, Are and Todor, T",
      title         = "{Reconstruction of Electrons with the Gaussian-Sum Filter in the CMS Tracker at the LHC}",
      institution   = "CERN",
      collaboration = "CMS",
      address       = "Geneva",
      number        = "CMS-NOTE-2005-001",
      month         = "Jan",
      year          = "2005",
      reportNumber  = "CMS-NOTE-2005-001",
      url           = "https://cds.cern.ch/record/815410",
}
%%% ECAL commisioning
@techreport{CMS-NOTE-2010-012,
      title         = "{Electromagnetic calorimeter commissioning and first results with 7 TeV data}",
      institution   = "CERN",
      collaboration = "CMS",
      address       = "Geneva",
      number        = "CMS-NOTE-2010-012",
      month         = "Jul",
      year          = "2010",
      reportNumber  = "CMS-NOTE-2010-012",
      url           = "https://cds.cern.ch/record/1278160",
}
@article{Khachatryan:2010us,
      author         = "Khachatryan, Vardan and others",
      title          = "{Transverse-momentum and pseudorapidity distributions of charged hadrons in $pp$ collisions at $\sqrt{s}=7$ TeV}",
      collaboration  = "CMS",
      journal        = "Phys.Rev.Lett.",
      volume         = "105",
      pages          = "022002",
      doi            = "10.1103/PhysRevLett.105.022002",
      year           = "2010",
      eprint         = "1005.3299",
      archivePrefix  = "arXiv",
      primaryClass   = "hep-ex",
      reportNumber   = "CERN-PH-EP-2010-009, CSM-QCD-10-006",
      SLACcitation   = "%%CITATION = ARXIV:1005.3299;%%",
}
@misc{Web:JetId,
    title          = {Jet Identification in the CMS detector},
    collaboration  = "CMS",         
    howpublished   = {\url{https://twiki.cern.ch/twiki/bin/view/CMS/JetID}},
    note           = {Accessed: 2015},
}
%%Particle Flow Reconstruction
@techreport{CMS-PAS-PFT-10-003,
      title         = "{Particle-flow commissioning with muons and electrons from J/Psi and W events at 7 TeV}",
      institution   = "CERN",
      collaboration = "CMS",
      address       = "2010. Geneva",
      number        = "CMS-PAS-PFT-10-003",
      year          = "2010",
      reportNumber  = "CMS-PAS-PFT-10-003",
      url           = "https://cds.cern.ch/record/1279347",
}

%% Iterative Cone
@article{Blazey:2000qt,
      author         = "Blazey, Gerald C. and Dittmann, Jay R. and Ellis, Stephen D. and Elvira, V. Daniel and Frame, K. and others",
      title          = "{Run II jet physics}",
      pages          = "47-77",
      year           = "2000",
      eprint         = "hep-ex/0005012",
      archivePrefix  = "arXiv",
      primaryClass   = "hep-ex",
      reportNumber   = "FERMILAB-CONF-00-092-E",
      SLACcitation   = "%%CITATION = HEP-EX/0005012;%%",
}
%% Sequential recombination
@article{Catani:1993hr,
      author         = "Catani, S. and Dokshitzer, Yuri L. and Seymour, M.H. and Webber, B.R.",
      title          = "{Longitudinally invariant $k_{\mathrm{t}}$ clustering algorithms for hadron hadron collisions}",
      journal        = "Nucl.Phys.",
      volume         = "B406",
      pages          = "187-224",
      doi            = "10.1016/0550-3213(93)90166-M",
      year           = "1993",
      reportNumber   = "CERN-TH-6775-93, LU-TP-93-2",
      SLACcitation   = "%%CITATION = NUPHA,B406,187;%%",
}
%% Cambridge/Aachen
@article{Dokshitzer:1997in,
      author         = "Dokshitzer, Yuri L. and Leder, G.D. and Moretti, S. and Webber, B.R.",
      title          = "{Better jet clustering algorithms}",
      journal        = "JHEP",
      volume         = "9708",
      pages          = "001",
      doi            = "10.1088/1126-6708/1997/08/001",
      year           = "1997",
      eprint         = "hep-ph/9707323",
      archivePrefix  = "arXiv",
      primaryClass   = "hep-ph",
      reportNumber   = "CAVENDISH-HEP-97-06",
      SLACcitation   = "%%CITATION = HEP-PH/9707323;%%",
}
%% antikt
@article{Cacciari:2008gp,
      author         = "Cacciari, Matteo and Salam, Gavin P. and Soyez, Gregory",
      title          = "{The Anti-$k_{\mathrm{t}}$ jet clustering algorithm}",
      journal        = "JHEP",
      volume         = "0804",
      pages          = "063",
      doi            = "10.1088/1126-6708/2008/04/063",
      year           = "2008",
      eprint         = "0802.1189",
      archivePrefix  = "arXiv",
      primaryClass   = "hep-ph",
      reportNumber   = "LPTHE-07-03",
      SLACcitation   = "%%CITATION = ARXIV:0802.1189;%%",
}
@techreport{CMS-PAS-JME-07-002,
      title         = "{Plans for Jet Energy Corrections at CMS}",
      institution   = "CERN",
      collaboration = "CMS",
      address       = "2008. Geneva",
      number        = "CMS-PAS-JME-07-002",
      month         = "Jul",
      year          = "2008",
      reportNumber  = "CMS-PAS-JME-07-002",
      url           = "https://cds.cern.ch/record/1194485",
}
@article{Cacciari:2007fd,
      author         = "Cacciari, Matteo and Salam, Gavin P.",
      title          = "{Pileup subtraction using jet areas}",
      journal        = "Phys.Lett.",
      volume         = "B659",
      pages          = "119-126",
      doi            = "10.1016/j.physletb.2007.09.077",
      year           = "2008",
      eprint         = "0707.1378",
      archivePrefix  = "arXiv",
      primaryClass   = "hep-ph",
      reportNumber   = "LPTHE-07-01",
      SLACcitation   = "%%CITATION = ARXIV:0707.1378;%%",
}

