%% Bib File (references) for ********************************* Chapter - 1 **************************************************************

%% Glashow, Salam, Weinberg
@article{Glashow:1961tr,
      author         = "Glashow, S. L.",
      title          = "{Partial Symmetries of Weak Interactions}",
      journal        = "Nucl. Phys.",
      volume         = "22",
      year           = "1961",
      pages          = "579-588",
      doi            = "10.1016/0029-5582(61)90469-2",
      SLACcitation   = "%%CITATION = NUPHA,22,579;%%"
}

@article{Salam:1964ry,
      author         = "Salam, Abdus and Ward, John Clive",
      title          = "{Electromagnetic and weak interactions}",
      journal        = "Phys. Lett.",
      volume         = "13",
      year           = "1964",
      pages          = "168-171",
      doi            = "10.1016/0031-9163(64)90711-5",
      SLACcitation   = "%%CITATION = PHLTA,13,168;%%"
}

@article{Weinberg:1967tq,
      author         = "Weinberg, Steven",
      title          = "{A Model of Leptons}",
      journal        = "Phys. Rev. Lett.",
      volume         = "19",
      year           = "1967",
      pages          = "1264-1266",
      doi            = "10.1103/PhysRevLett.19.1264",
      SLACcitation   = "%%CITATION = PRLTA,19,1264;%%"
}

@article{Gross:1973id,
      author         = "Gross, David J. and Wilczek, Frank",
      title          = "{Ultraviolet Behavior of Nonabelian Gauge Theories}",
      journal        = "Phys. Rev. Lett.",
      volume         = "30",
      year           = "1973",
      pages          = "1343-1346",
      doi            = "10.1103/PhysRevLett.30.1343",
      SLACcitation   = "%%CITATION = PRLTA,30,1343;%%"
}

@article{Politzer:1973fx,
      author         = "Politzer, H. David",
      title          = "{Reliable Perturbative Results for Strong Interactions?}",
      journal        = "Phys. Rev. Lett.",
      volume         = "30",
      year           = "1973",
      pages          = "1346-1349",
      doi            = "10.1103/PhysRevLett.30.1346",
      SLACcitation   = "%%CITATION = PRLTA,30,1346;%%"
}

@article{Dalton-original,
      author         = "Dalton, John",
      title          = "{On the absorption of gases by water and other liquids}",
      journal        = "Memoirs of the Literary and Philosophical Society of Manchester",
      volume         = "1",
      year           = "1805",
      pages          = "271-287",
      doi            = "10.1080/14786440608563325"      
}

@article{10.2307-Dalton,
    author = {Arnold W. Thackray },
    title = {The Origin of Dalton's Chemical Atomic Theory: Daltonian Doubts Resolved},
    journal = {Isis},
    volume = {57},
    pages = {35-55},
    year = {1966},
    doi = {10.1086/350077},
    URL = {https://doi.org/10.1086/350077},
}

@article{Rontgen1896Org,
      author         = {R{\"o}ntgen, W. C.},
      title          = "{On a new kind of rays}",
      journal        = "Science",
      volume         = "3",
      year           = "1896",
      pages          = "227-231",
      doi            = "10.1126/science.3.59.227",
      URL            = {http://science.sciencemag.org/content/3/59/227},
}

%% Discovery Electron
@article{ElectronDiscovery,
      author         = "J. Thomson, J.",
      title          = "{Cathode Rays}",
      journal        = "Philosophical Magazine",
      volume         = "44",
      year           = "1897",
      pages          = "293",
}

@article{ThomsonModel,
      author         = "J. Thomson, J.",
      title          = "{On the Structure of the Atom: an Investigation of the Stability and Periods of Oscillation of a number of Corpuscles arranged at equal intervals 
                        around the Circumference of a Circle, with Application of the Results to the Theory of Atomic Structure}",
      journal        = "Philosophical Magazine",
      volume         = "7",
      year           = "1904",
      pages          = "237-265",
      doi            = "10.1080/14786440409463107"
}

@article{Rutherford:1911zz,
      author         = "Rutherford, E.",
      title          = "{The scattering of alpha and beta particles by matter and the structure of the atom}",
      journal        = "Phil. Mag.",
      volume         = "21",
      year           = "1911",
      pages          = "669-688",
      doi            = "10.1080/14786440508637080",
      SLACcitation   = "%%CITATION = PHMAA,21,669;%%"
}

@article{Rutherford1913,
      author         = "Rutherford, E.",
      title          = "{The structure of the atom}",
      journal        = "Nature",
      volume         = "92",
      year           = "1913",
      pages          = "423",
}

@article{Chadwick1932,
      author         = "Chadwick, J.",
      title          = "{Possible Existence of a Neutron}",
      journal        = "Nature",
      volume         = "129",
      year           = "1932",
      pages          = "312",
}

%%Photo-electric effect
@article{Einstein:photo,
      author         = "Einstein, Albert",
      title          = "{On a heuristic viewpoint concerning the production and transformation of light}",
      journal        = "Annalen Phys.",
      volume         = "17",
      year           = "1905",
      pages          = "132-148",
      SLACcitation   = "%%CITATION = ANPYA,17,132;%%"
}
%%Compton Effect
@article{Compton:1923zz,
      author         = "Compton, Arthur H.",
      title          = "{A Quantum Theory of the Scattering of X-rays by Light Elements}",
      journal        = "Phys. Rev.",
      volume         = "21",
      year           = "1923",
      pages          = "483-502",
      doi            = "10.1103/PhysRev.21.483",
      SLACcitation   = "%%CITATION = PHRVA,21,483;%%"
}
%%theory of relativity
@article{Einstein:1905ve,
      author         = "Einstein, Albert",
      title          = "{On the electrodynamics of moving bodies}",
      journal        = "Annalen Phys.",
      volume         = "17",
      year           = "1905",
      pages          = "891-921",
      doi            = "10.1002/andp.200590006",
      SLACcitation   = "%%CITATION = ANPYA,17,891;%%"
}

%% Dirac QED
@article{Dirac1927,
      author         = "A. M. Dirac, P.",
      title          = "{The Quantum Theory of the Emission and Absorption of Radiation}",
      journal        = "Proc. R. Soc. Lond. A114",
      volume         = "243",
      year           = "1927",
      pages          = "710"
}

%%Positron
@article{Anderson:1933mb,
      author         = "Anderson, C. D.",
      title          = "{The Positive Electron}",
      journal        = "Phys. Rev.",
      volume         = "43",
      year           = "1933",
      pages          = "491-494",
      doi            = "10.1103/PhysRev.43.491",
      SLACcitation   = "%%CITATION = PHRVA,43,491;%%"
}

%%% Feynman work
@article{Feynman:1948ur,
      author         = "Feynman, R. P.",
      title          = "{Space-time approach to nonrelativistic quantum mechanics}",
      journal        = "Rev. Mod. Phys.",
      volume         = "20",
      year           = "1948",
      pages          = "367-387",
      doi            = "10.1103/RevModPhys.20.367",
      SLACcitation   = "%%CITATION = RMPHA,20,367;%%"
}
@article{Feynman:1949hz,
      author         = "Feynman, R. P.",
      title          = "{The Theory of positrons}",
      journal        = "Phys. Rev.",
      volume         = "76",
      year           = "1949",
      pages          = "749-759",
      doi            = "10.1103/PhysRev.76.749",
      SLACcitation   = "%%CITATION = PHRVA,76,749;%%"
}
@article{Feynman:1948km,
      author         = "Feynman, R. P.",
      title          = "{A Relativistic cutoff for classical electrodynamics}",
      journal        = "Phys. Rev.",
      volume         = "74",
      year           = "1948",
      pages          = "939-946",
      doi            = "10.1103/PhysRev.74.939",
      SLACcitation   = "%%CITATION = PHRVA,74,939;%%"
}

%% Tomonaga work
@article{Tomonaga:1948zz,
      author         = "Tomonaga, Sin-Itiro and Oppenheimer, J. R.",
      title          = "{On Infinite Field Reactions in Quantum Field Theory}",
      journal        = "Phys. Rev.",
      volume         = "74",
      year           = "1948",
      pages          = "224-225",
      doi            = "10.1103/PhysRev.74.224",
      SLACcitation   = "%%CITATION = PHRVA,74,224;%%"
}

%% Schwinger work
@article{Schwinger:1948iu,
      author         = "Schwinger, Julian S.",
      title          = "{On Quantum electrodynamics and the magnetic moment of the electron}",
      journal        = "Phys. Rev.",
      volume         = "73",
      year           = "1948",
      pages          = "416-417",
      doi            = "10.1103/PhysRev.73.416",
      SLACcitation   = "%%CITATION = PHRVA,73,416;%%"
}
@article{Schwinger:1948yk,
      author         = "Schwinger, Julian S.",
      title          = "{Quantum electrodynamics. I A covariant formulation}",
      journal        = "Phys. Rev.",
      volume         = "74",
      year           = "1948",
      pages          = "1439",
      doi            = "10.1103/PhysRev.74.1439",
      SLACcitation   = "%%CITATION = PHRVA,74,1439;%%"
}
@article{Dyson:1949bp,
      author         = "Dyson, F. J.",
      title          = "{The Radiation theories of Tomonaga, Schwinger, and Feynman}",
      journal        = "Phys. Rev.",
      volume         = "75",
      year           = "1949",
      pages          = "486-502",
      doi            = "10.1103/PhysRev.75.486",
      SLACcitation   = "%%CITATION = PHRVA,75,486;%%"
}

@article{Yukawa:1935xg,
      author         = "Yukawa, Hideki",
      title          = "{On the Interaction of Elementary Particles I}",
      journal        = "Proc. Phys. Math. Soc. Jap.",
      volume         = "17",
      year           = "1935",
      pages          = "48-57",
      doi            = "10.1143/PTPS.1.1",
      note           = "[Prog. Theor. Phys. Suppl.1,1(1935)]",
      reportNumber   = "PRINT-92-0144",
      SLACcitation   = "%%CITATION = PPMJA,17,48;%%"
}

%% Discovery of muons
@article{Neddermeyer:1937md,
      author         = "Neddermeyer, S. H. and Anderson, C. D.",
      title          = "{Note on the Nature of Cosmic Ray Particles}",
      journal        = "Phys. Rev.",
      volume         = "51",
      year           = "1937",
      pages          = "884-886",
      doi            = "10.1103/PhysRev.51.884",
      SLACcitation   = "%%CITATION = PHRVA,51,884;%%"
}
%%Discovery of Pion
@article{Lattes:1947mx,
      author         = "Lattes, C. M. G. and Occhialini, G. P. S. and Powell, C. F.",
      title          = "{Observations on the Tracks of Slow Mesons in Photographic Emulsions. 1}",
      journal        = "Nature",
      volume         = "160",
      year           = "1947",
      pages          = "453-456",
      doi            = "10.1038/160453a0",
      SLACcitation   = "%%CITATION = NATUA,160,453;%%"
}

%% Cowan Reines experiment, Neutrino observation
@article{Cowan:1992xc,
      author         = "Cowan, C. L. and Reines",
      title          = "{Detection of the free neutrino: A Confirmation}",
      journal        = "Science",
      volume         = "124",
      year           = "1956",
      pages          = "103",
      doi            = "10.1126/science.124.3212.103",
      SLACcitation   = "%%CITATION = SCIEA,124,103;%%"
}
%% Cowan Reines experiment, Neutrino observation
@article{Cowan:1992xc_actual,
      author         = "Cowan, C. L. and Reines, F. and Harrison, F. B. and Kruse, H. W. and McGuire, A. D.",
      title          = "{Detection of the free neutrino: A Confirmation}",
      journal        = "Science",
      volume         = "124",
      year           = "1956",
      pages          = "103",
      doi            = "10.1126/science.124.3212.103",
      SLACcitation   = "%%CITATION = SCIEA,124,103;%%"
}
@article{Fermi1934,
      author         = "Fermi, E.",
      title          = "{Fermi's Theory of Beta Decay}",
      journal        = "Z. Phy.",
      volume         = "88",
      year           = "1934",
      pages          = "161",
}

%%% Discovery of Kaon
@article{Rochester:1947mi,
      author         = "Rochester, G. D. and Butler, C. C.",
      title          = "{Evidence for the Existence of New Unstable Elementary Particles}",
      journal        = "Nature",
      volume         = "160",
      year           = "1947",
      pages          = "855-857",
      doi            = "10.1038/160855a0",
      SLACcitation   = "%%CITATION = NATUA,160,855;%%"
}

%% Discovery of Lambda
@article{PhysRev.80.1099,
      title = {Evidence Concerning the Existence of the New Unstable Elementary Neutral Particle},
      author = {Hopper, V. D. and Biswas, S.},
      journal = {Phys. Rev.},
      volume = {80},
      issue = {6},
      pages = {1099},
      numpages = {0},
      year = {1950},
      month = {Dec},
      publisher = {American Physical Society},
      doi = {10.1103/PhysRev.80.1099},
      url = {http://link.aps.org/doi/10.1103/PhysRev.80.1099}
}

%% Discovery of sigma+
@Article{Bonetti1953,
      author= {Bonetti, A. and Setti, R. Lfai and Panetti, M. and Tomasini, G.},
      title= {On the existence of unstable charged particles of hyperprotonic mass},
      journal= {Il Nuovo Cimento}, 
      year= {1953},
      volume= {10},
      pages= {1736--1743},
      issn= {1827-6121},
      doi= {10.1007/BF02781667},
      url= {https://doi.org/10.1007/BF02781667}
}
@article{PhysRev.90.167,
      title = {Direct Experimental Evidence for the Existence of a Heavy Positive $V$ Particle},
      author = {York, C. M. and Leighton, R. B. and Bjornerud, E. K.},
      journal = {Phys. Rev.},
      volume = {90},
      pages = {167--168},
      year = {1953},
      publisher = {American Physical Society},
      doi = {10.1103/PhysRev.90.167},
      url = {https://link.aps.org/doi/10.1103/PhysRev.90.167}
}

%% Discovery of Xi-
@article{cowan1954v,
      title={A V-Decay Event with a Heavy Negative Secondary, and Identification of the Secondary V-Decay Event in a Cascade},
      author={Cowan, EW},
      journal={Physical Review},
      volume={94},
      pages={161},
      year={1954},
      publisher={APS}
}

%% Discovery of Omega
@article{Barnes:1964pd,
      author         = "Barnes, V. E. and others",
      title          = "{Observation of a Hyperon with Strangeness -3}",
      journal        = "Phys. Rev. Lett.",
      volume         = "12",
      year           = "1964",
      pages          = "204-206",
      doi            = "10.1103/PhysRevLett.12.204",
      SLACcitation   = "%%CITATION = PRLTA,12,204;%%"
}

%%Eightfold way -- Murray Gell Mann
@article{GellMann:1964nj,
      author         = "Gell-Mann, Murray",
      title          = "{A Schematic Model of Baryons and Mesons}",
      journal        = "Phys. Lett.",
      volume         = "8",
      year           = "1964",
      pages          = "214-215",
      doi            = "10.1016/S0031-9163(64)92001-3",
      SLACcitation   = "%%CITATION = PHLTA,8,214;%%"
}
@article{Zweig:570209,
      author        = "Zweig, G",
      title         = "{An SU$_3$ model for strong interaction symmetry and its breaking; Version 2}",
      number        = "CERN-TH-412",
      pages         = "80 p",
      month         = "Feb",
      year          = "1964",
      url           = "https://cds.cern.ch/record/570209",
      note          = "Version 1 is CERN preprint 8182/TH.401, Jan. 17, 1964",
}

%% deep inelastic scattering
@article{dokshitzer1977calculation,
      title={Calculation of the structure functions for deep inelastic scattering and e+ e- annihilation by perturbation theory in quantum chromodynamics},
      author={Dokshitzer, Yuri L},
      journal={Zh. Eksp. Teor. Fiz},
      volume={73},
      pages={1216},
      year={1977}
}

%% QCD
@article{Fritzsch:1973pi,
      author         = "Fritzsch, H. and Gell-Mann, Murray and Leutwyler, H.",
      title          = "{Advantages of the Color Octet Gluon Picture}",
      journal        = "Phys. Lett.",
      volume         = "47B",
      year           = "1973",
      pages          = "365",
      doi            = "10.1016/0370-2693(73)90625-4",
      reportNumber   = "CALT-68-409",
      SLACcitation   = "%%CITATION = PHLTA,47B,365;%%"
}

%% Gluons
@article{Gluons1979,
      author         = "Wolf, G.",
      title          = "{High energy trends in $e^{+}e^{-}$ physics}",
      collaboration  = "TASSO",
      journal        = "Invited talk at Geneva Conference",
      year           = "1979"
}

%%Prediction of Charm quark
@article{Bjorken:1964gz,
      author         = "Bjorken, J. D. and Glashow, S. L.",
      title          = "{Elementary Particles and SU(4)}",
      journal        = "Phys. Lett.",
      volume         = "11",
      year           = "1964",
      pages          = "255-257",
      doi            = "10.1016/0031-9163(64)90433-0",
      SLACcitation   = "%%CITATION = PHLTA,11,255;%%"
}

%% GIM mechanism
@article{Glashow:1970gm,
      author         = "Glashow, S. L. and Iliopoulos, J. and Maiani, L.",
      title          = "{Weak Interactions with Lepton-Hadron Symmetry}",
      journal        = "Phys. Rev.",
      volume         = "D2",
      year           = "1970",
      pages          = "1285-1292",
      doi            = "10.1103/PhysRevD.2.1285",
      SLACcitation   = "%%CITATION = PHRVA,D2,1285;%%"
}

%%% J/Psi
@article{Aubert:1974js,
      author         = "Aubert, J. J. and others",
      title          = "{Experimental Observation of a Heavy Particle J}",
      collaboration  = "E598",
      journal        = "Phys. Rev. Lett.",
      volume         = "33",
      year           = "1974",
      pages          = "1404-1406",
      doi            = "10.1103/PhysRevLett.33.1404",
      reportNumber   = "COO-3069-271",
      SLACcitation   = "%%CITATION = PRLTA,33,1404;%%"
}
@article{Augustin:1974xw,
      author         = "Augustin, J. E. and others",
      title          = "{Discovery of a Narrow Resonance in e+ e- Annihilation}",
      collaboration  = "SLAC-SP-017",
      journal        = "Phys. Rev. Lett.",
      volume         = "33",
      year           = "1974",
      pages          = "1406-1408",
      doi            = "10.1103/PhysRevLett.33.1406",
      note           = "[Adv. Exp. Phys.5,141(1976)]",
      reportNumber   = "SLAC-PUB-1504",
      SLACcitation   = "%%CITATION = PRLTA,33,1406;%%"
}

%% Tau lepton
@article{Perl:1975bf,
      author         = "Perl, Martin L. and others",
      title          = "{Evidence for Anomalous Lepton Production in $e^{+}e^{-}$ Annihilation}",
      journal        = "Phys. Rev. Lett.",
      volume         = "35",
      year           = "1975",
      pages          = "1489-1492",
      doi            = "10.1103/PhysRevLett.35.1489",
      reportNumber   = "SLAC-PUB-1626, LBL-4228",
      SLACcitation   = "%%CITATION = PRLTA,35,1489;%%"
}

%%% Upsilon bbbar
@article{Herb:1977ek,
      author         = "Herb, S. W. and others",
      title          = "{Observation of a Dimuon Resonance at 9.5-GeV in 400-GeV Proton-Nucleus Collisions}",
      journal        = "Phys. Rev. Lett.",
      volume         = "39",
      year           = "1977",
      pages          = "252-255",
      doi            = "10.1103/PhysRevLett.39.252",
      reportNumber   = "FERMILAB-PUB-77-058-EXP, PRINT-77-0640 (COLUMBIA),
                        FERMILAB-PUB-77-058-E",
      SLACcitation   = "%%CITATION = PRLTA,39,252;%%"
}

%% Top quark 
@article{Abe:1995hr,
      author         = "Abe, F. and others",
      title          = "{Observation of top quark production in $\bar{p}p$
                        collisions}",
      collaboration  = "CDF",
      journal        = "Phys. Rev. Lett.",
      volume         = "74",
      year           = "1995",
      pages          = "2626-2631",
      doi            = "10.1103/PhysRevLett.74.2626",
      eprint         = "hep-ex/9503002",
      archivePrefix  = "arXiv",
      primaryClass   = "hep-ex",
      reportNumber   = "FERMILAB-PUB-95-022-E, CDF-PUB-TOP-PUBLIC-3040,
                        ANL-HEP-PR-95-44",
      SLACcitation   = "%%CITATION = HEP-EX/9503002;%%"
}
@article{Abachi:1995iq,
      author         = "Abachi, S. and others",
      title          = "{Observation of the top quark}",
      collaboration  = "D0",
      journal        = "Phys. Rev. Lett.",
      volume         = "74",
      year           = "1995",
      pages          = "2632-2637",
      doi            = "10.1103/PhysRevLett.74.2632",
      eprint         = "hep-ex/9503003",
      archivePrefix  = "arXiv",
      primaryClass   = "hep-ex",
      reportNumber   = "FERMILAB-PUB-95-028-E",
      SLACcitation   = "%%CITATION = HEP-EX/9503003;%%"
}

%% tau-theta puzzle
@article{Lee:1956qn,
      author         = "Lee, T. D. and Yang, Chen-Ning",
      title          = "{Question of Parity Conservation in Weak Interactions}",
      journal        = "Phys. Rev.",
      volume         = "104",
      year           = "1956",
      pages          = "254-258",
      doi            = "10.1103/PhysRev.104.254",
      SLACcitation   = "%%CITATION = PHRVA,104,254;%%"
}

%% Parity violation
@article{Wu:1957my,
      author         = "Wu, C. S. and Ambler, E. and Hayward, R. W. and Hoppes, D. D. and Hudson, R. P.",
      title          = "{Experimental Test of Parity Conservation in Beta Decay}",
      journal        = "Phys. Rev.",
      volume         = "105",
      year           = "1957",
      pages          = "1413-1414",
      doi            = "10.1103/PhysRev.105.1413",
      SLACcitation   = "%%CITATION = PHRVA,105,1413;%%"
}

%% Yang-mills theory for massless vector bosons. 
@article{Yang:1954ek,
      author         = "Yang, Chen-Ning and Mills, Robert L.",
      title          = "{Conservation of Isotopic Spin and Isotopic Gauge Invariance}",
      journal        = "Phys. Rev.",
      volume         = "96",
      year           = "1954",
      pages          = "191-195",
      doi            = "10.1103/PhysRev.96.191",
      SLACcitation   = "%%CITATION = PHRVA,96,191;%%"
}

%% Higgs Theory
@article{Englert:1964et,
      author         = "Englert, F. and Brout, R.",
      title          = "{Broken Symmetry and the Mass of Gauge Vector Mesons}",
      journal        = "Phys. Rev. Lett.",
      volume         = "13",
      year           = "1964",
      pages          = "321-323",
      doi            = "10.1103/PhysRevLett.13.321",
      SLACcitation   = "%%CITATION = PRLTA,13,321;%%"
}
@article{Guralnik:1964eu,
      author         = "Guralnik, G. S. and Hagen, C. R. and Kibble, T. W. B.",
      title          = "{Global Conservation Laws and Massless Particles}",
      journal        = "Phys. Rev. Lett.",
      volume         = "13",
      year           = "1964",
      pages          = "585-587",
      doi            = "10.1103/PhysRevLett.13.585",
      SLACcitation   = "%%CITATION = PRLTA,13,585;%%"
}
@article{Higgs:1964ia,
      author         = "Higgs, Peter W.",
      title          = "{Broken symmetries, massless particles and gauge fields}",
      journal        = "Phys. Lett.",
      volume         = "12",
      year           = "1964",
      pages          = "132-133",
      doi            = "10.1016/0031-9163(64)91136-9",
      SLACcitation   = "%%CITATION = PHLTA,12,132;%%"
}
@article{Higgs:1964pj,
      author         = "Higgs, Peter W.",
      title          = "{Broken Symmetries and the Masses of Gauge Bosons}",
      journal        = "Phys. Rev. Lett.",
      volume         = "13",
      year           = "1964",
      pages          = "508-509",
      doi            = "10.1103/PhysRevLett.13.508",
      SLACcitation   = "%%CITATION = PRLTA,13,508;%%"
}
@article{Higgs:1966ev,
      author         = "Higgs, Peter W.",
      title          = "{Spontaneous Symmetry Breakdown without Massless Bosons}",
      journal        = "Phys. Rev.",
      volume         = "145",
      year           = "1966",
      pages          = "1156-1163",
      doi            = "10.1103/PhysRev.145.1156",
      SLACcitation   = "%%CITATION = PHRVA,145,1156;%%"
}

%% Discovery of weak neutral currents
@article{Hasert:1973ff,
      author         = "Hasert, F. J. and others",
      title          = "{Observation of Neutrino Like Interactions Without Muon Or Electron in the Gargamelle Neutrino Experiment}",
      collaboration  = "Gargamelle Neutrino",
      journal        = "Phys. Lett.",
      volume         = "B46",
      year           = "1973",
      pages          = "138-140",
      doi            = "10.1016/0370-2693(73)90499-1",
      SLACcitation   = "%%CITATION = PHLTA,B46,138;%%"
}

%% W+/- Discovery
@article{Arnison:1983rp,
      author         = "Arnison, G. and others",
      title          = "{Experimental Observation of Isolated Large Transverse Energy Electrons with Associated Missing Energy at $\sqrt{s} = 540$ GeV}",
      booktitle      = "{In *Cline, D.B. (ed.): Weak neutral currents* 7.31-7.44}",
      collaboration  = "UA1",
      journal        = "Phys. Lett.",
      volume         = "B122",
      year           = "1983",
      pages          = "103-116",
      doi            = "10.1016/0370-2693(83)91177-2",
      reportNumber   = "CERN-EP-83-13",
      SLACcitation   = "%%CITATION = PHLTA,B122,103;%%"
}
@article{Banner:1983jy,
      author         = "Banner, M. and others",
      title          = "{Observation of Single Isolated Electrons of High Transverse Momentum in Events with Missing Transverse Energy at the CERN $p\bar{p}$ Collider}",
      collaboration  = "UA2",
      journal        = "Phys. Lett.",
      volume         = "B122",
      year           = "1983",
      pages          = "476-485",
      doi            = "10.1016/0370-2693(83)91605-2",
      reportNumber   = "CERN-EP-83-25",
      SLACcitation   = "%%CITATION = PHLTA,B122,476;%%"
}

%% Z boson discovery
@article{Arnison:1983mk,
      author         = "Arnison, G. and others",
      title          = "{Experimental Observation of Lepton Pairs of Invariant Mass Around 95-GeV/c$^{2}$ at the CERN SPS Collider}",
      collaboration  = "UA1",
      journal        = "Phys. Lett.",
      volume         = "B126",
      year           = "1983",
      pages          = "398-410",
      doi            = "10.1016/0370-2693(83)90188-0",
      reportNumber   = "CERN-EP-83-73",
      SLACcitation   = "%%CITATION = PHLTA,B126,398;%%"
}
@article{Arnison:1983zy,
      author         = "Arnison, G. and others",
      title          = "{Further Evidence for Charged Intermediate Vector Bosons at the SPS Collider}",
      collaboration  = "UA1",
      journal        = "Phys. Lett.",
      volume         = "B129",
      year           = "1983",
      pages          = "273-282",
      doi            = "10.1016/0370-2693(83)90860-2",
      reportNumber   = "CERN-EP/83-111",
      SLACcitation   = "%%CITATION = PHLTA,B129,273;%%"
}
@article{Bagnaia:1983zx,
      author         = "Bagnaia, P. and others",
      title          = "{Evidence for $Z^{0}\to e^{+}e^{-}$ at the CERN $p\bar{p}$ Collider}",
      collaboration  = "UA2",
      journal        = "Phys. Lett.",
      volume         = "B129",
      year           = "1983",
      pages          = "130-140",
      doi            = "10.1016/0370-2693(83)90744-X",
      reportNumber   = "CERN-EP-83-112",
      SLACcitation   = "%%CITATION = PHLTA,B129,130;%%"
}

%%Higgs CMS
@article{Chatrchyan:2012xdj,
      author         = "Chatrchyan, Serguei and others",
      title          = "{Observation of a new boson at a mass of 125 GeV with the CMS experiment at the LHC}",
      collaboration  = "CMS",
      journal        = "Phys. Lett.",
      volume         = "B716",
      year           = "2012",
      pages          = "30-61",
      doi            = "10.1016/j.physletb.2012.08.021",
      eprint         = "1207.7235",
      archivePrefix  = "arXiv",
      primaryClass   = "hep-ex",
      reportNumber   = "CMS-HIG-12-028, CERN-PH-EP-2012-220",
      SLACcitation   = "%%CITATION = ARXIV:1207.7235;%%"
}
%% Higgs ATLAS
@article{Aad:2012tfa,
      author         = "Aad, Georges and others",
      title          = "{Observation of a new particle in the search for the Standard Model Higgs boson with the ATLAS detector at the
                        LHC}",
      collaboration  = "ATLAS",
      journal        = "Phys. Lett.",
      volume         = "B716",
      year           = "2012",
      pages          = "1-29",
      doi            = "10.1016/j.physletb.2012.08.020",
      eprint         = "1207.7214",
      archivePrefix  = "arXiv",
      primaryClass   = "hep-ex",
      reportNumber   = "CERN-PH-EP-2012-218",
      SLACcitation   = "%%CITATION = ARXIV:1207.7214;%%"
}

%% Higgs coupling ATLAS
@unpublished{ATLAS:2014yka,
      author         = "The ATLAS collaboration",
      title          = "{Updated coupling measurements of the Higgs boson with the ATLAS detector using up to 25 fb$^{-1}$ of proton-proton collision data}",
      collaboration  = "ATLAS",
      year           = "2014",
      note   = "ATLAS-CONF-2014-009",
      reportNumber   = "ATLAS-CONF-2014-009",
      SLACcitation   = "%%CITATION = ATLAS-CONF-2014-009;%%"
}
%%
@unpublished{CMS:yva,
      title          = "{Combination of standard model Higgs boson searches and measurements of the properties of the new boson with a mass near 125 GeV}",
      collaboration  = "CMS",
      year           = "2013",
      note   = "CMS-PAS-HIG-13-005",
      reportNumber   = "CMS-PAS-HIG-13-005",
      SLACcitation   = "%%CITATION = CMS-PAS-HIG-13-005;%%"
}

%% PDG
@article{Agashe:2014kda,
      author         = "Olive, K. A. and others",
      title          = "{Review of Particle Physics}",
      collaboration  = "Particle Data Group",
      journal        = "Chin. Phys.",
      volume         = "C38",
      year           = "2014",
      pages          = "090001",
      doi            = "10.1088/1674-1137/38/9/090001",
      SLACcitation   = "%%CITATION = CHPHD,C38,090001;%%"
}


%% Alpha_s
@article{Kluth:2006vf,
      author         = "Kluth, S.",
      title          = "{Review of alpha(s) Measurements}",
      booktitle      = "{Proceedings of the 33rd International Conference on High Energy Physics (ICHEP '06)}",
      journal        = "Conf. Proc.",
      volume         = "C060726",
      year           = "2006",
      pages          = "449-452",
      note           = "[,449(2006)]",
      eprint         = "hep-ex/0609020",
      archivePrefix  = "arXiv",
      primaryClass   = "hep-ex",
      reportNumber   = "MPP-2006-115",
      SLACcitation   = "%%CITATION = HEP-EX/0609020;%%"
}
%% Asymptotic freedom
@article{Gross:1973ju,
      author         = "Gross, D. J. and Wilczek, Frank",
      title          = "{Asymptotically Free Gauge Theories. 1}",
      journal        = "Phys. Rev.",
      volume         = "D8",
      year           = "1973",
      pages          = "3633-3652",
      doi            = "10.1103/PhysRevD.8.3633",
      reportNumber   = "FERMILAB-PUB-73-049-T, FERMILAB-PUB-73-049-THY",
      SLACcitation   = "%%CITATION = PHRVA,D8,3633;%%"
}
@article{Gross:1974cs,
      author         = "Gross, D. J. and Wilczek, Frank",
      title          = "{Asymptotically Free Gauge Theories. 2.}",
      journal        = "Phys. Rev.",
      volume         = "D9",
      year           = "1974",
      pages          = "980-993",
      doi            = "10.1103/PhysRevD.9.980",
      SLACcitation   = "%%CITATION = PHRVA,D9,980;%%"
}
@article{Politzer:1974fr,
      author         = "Politzer, H. David",
      title          = "{Asymptotic Freedom: An Approach to Strong Interactions}",
      journal        = "Phys. Rept.",
      volume         = "14",
      year           = "1974",
      pages          = "129-180",
      doi            = "10.1016/0370-1573(74)90014-3",
      reportNumber   = "PRINT-74-1223 (HARVARD)",
      SLACcitation   = "%%CITATION = PRPLC,14,129;%%"
}

%% Neutrino oscillations
@article{Fukuda:1998mi,
      author         = "Fukuda, Y. and others",
      title          = "{Evidence for oscillation of atmospheric neutrinos}",
      collaboration  = "Super-Kamiokande",
      journal        = "Phys. Rev. Lett.",
      volume         = "81",
      year           = "1998",
      pages          = "1562-1567",
      doi            = "10.1103/PhysRevLett.81.1562",
      eprint         = "hep-ex/9807003",
      archivePrefix  = "arXiv",
      primaryClass   = "hep-ex",
      reportNumber   = "BU-98-17, ICRR-REPORT-422-98-18, UCI-98-8,
                        KEK-PREPRINT-98-95, LSU-HEPA-5-98, UMD-98-003, SBHEP-98-5,
                        TKU-PAP-98-06, TIT-HPE-98-09",
      SLACcitation   = "%%CITATION = HEP-EX/9807003;%%"
}
@article{Fukuda:2001nk,
      author         = "Fukuda, S. and others",
      title          = "{Constraints on neutrino oscillations using 1258 days of Super-Kamiokande solar neutrino data}",
      collaboration  = "Super-Kamiokande",
      journal        = "Phys. Rev. Lett.",
      volume         = "86",
      year           = "2001",
      pages          = "5656-5660",
      doi            = "10.1103/PhysRevLett.86.5656",
      eprint         = "hep-ex/0103033",
      archivePrefix  = "arXiv",
      primaryClass   = "hep-ex",
      SLACcitation   = "%%CITATION = HEP-EX/0103033;%%"
}
@article{Ahmad:2002jz,
      author         = "Ahmad, Q. R. and others",
      title          = "{Direct evidence for neutrino flavor transformation from neutral current interactions in the Sudbury Neutrino Observatory}",
      collaboration  = "SNO",
      journal        = "Phys. Rev. Lett.",
      volume         = "89",
      year           = "2002",
      pages          = "011301",
      doi            = "10.1103/PhysRevLett.89.011301",
      eprint         = "nucl-ex/0204008",
      archivePrefix  = "arXiv",
      primaryClass   = "nucl-ex",
      SLACcitation   = "%%CITATION = NUCL-EX/0204008;%%"
}
@article{Araki:2004mb,
      author         = "Araki, T. and others",
      title          = "{Measurement of neutrino oscillation with KamLAND: Evidence of spectral distortion}",
      collaboration  = "KamLAND",
      journal        = "Phys. Rev. Lett.",
      volume         = "94",
      year           = "2005",
      pages          = "081801",
      doi            = "10.1103/PhysRevLett.94.081801",
      eprint         = "hep-ex/0406035",
      archivePrefix  = "arXiv",
      primaryClass   = "hep-ex",
      SLACcitation   = "%%CITATION = HEP-EX/0406035;%%"
}
@article{Aliu:2004sq,
      author         = "Aliu, E. and others",
      title          = "{Evidence for muon neutrino oscillation in an accelerator-based experiment}",
      collaboration  = "K2K",
      journal        = "Phys. Rev. Lett.",
      volume         = "94",
      year           = "2005",
      pages          = "081802",
      doi            = "10.1103/PhysRevLett.94.081802",
      eprint         = "hep-ex/0411038",
      archivePrefix  = "arXiv",
      primaryClass   = "hep-ex",
      SLACcitation   = "%%CITATION = HEP-EX/0411038;%%"
}
@article{Michael:2006rx,
      author         = "Michael, D. G. and others",
      title          = "{Observation of muon neutrino disappearance with the MINOS detectors and the NuMI neutrino beam}",
      collaboration  = "MINOS",
      journal        = "Phys. Rev. Lett.",
      volume         = "97",
      year           = "2006",
      pages          = "191801",
      doi            = "10.1103/PhysRevLett.97.191801",
      eprint         = "hep-ex/0607088",
      archivePrefix  = "arXiv",
      primaryClass   = "hep-ex",
      reportNumber   = "FERMILAB-PUB-06-243, BNL-76806-2006-JA",
      SLACcitation   = "%%CITATION = HEP-EX/0607088;%%"
}

%% QED
@book{Peskin:1995ev,
      author         = "Peskin, Michael E. and Schroeder, Daniel V.",
      title          = "{An Introduction to quantum field theory}",
      publisher      = "Addison-Wesley (1995) 842 p",
      address        = "Reading, USA",
      year           = "1995",
      url            = "http://www.slac.stanford.edu/spires/find/books/www?cl=QC174.45%3AP4",
      ISBN           = "9780201503975, 0201503972",
      SLACcitation   = "%%CITATION = ISBN-9780201503975;%%"
}

%% left handedness of neutrinos
@article{Goldhaber:1958nb,
      author         = "Goldhaber, M. and Grodzins, L. and Sunyar, A. W.",
      title          = "{Helicity of Neutrinos}",
      journal        = "Phys. Rev.",
      volume         = "109",
      year           = "1958",
      pages          = "1015",
      doi            = "10.1103/PhysRev.109.1015",
      SLACcitation   = "%%CITATION = PHRVA,109,1015;%%"
}

% Gell-Mann-Nishijima relation
@article{Nakano:1953zz,
      author         = "Nakano, T. and Nishijima, K.",
      title          = "{Charge Independence for V-particles}",
      journal        = "Prog. Theor. Phys.",
      volume         = "10",
      year           = "1953",
      pages          = "581",
      doi            = "10.1143/PTP.10.581",
      SLACcitation   = "%%CITATION = PTPKA,10,581;%%"
}
@article{Nishijima:1955zz,
      author         = "Nishijima, K. and Kazuhiko",
      title          = "{Charge Independence Theory of V Particles}",
      journal        = "Prog. Theor. Phys.",
      volume         = "13",
      year           = "1955",
      pages          = "285",
      doi            = "10.1143/PTP.13.285",
      SLACcitation   = "%%CITATION = PTPKA,13,285;%%"
}
@article{Gell-Mann:1956iqa,
      author         = "Gell-Mann, M.",
      title          = "{The interpretation of the new particles as displaced charge multiplets}",
      journal        = "Nuovo Cim.",
      volume         = "4",
      year           = "1956",
      pages          = "848",
      doi            = "10.1007/BF02748000",
      SLACcitation   = "%%CITATION = NUCIA,4,848;%%"
}

%%% Electroweak symmetry breaking
@article{Djouadi:2005gi,
      author         = "Djouadi, Abdelhak",
      title          = "{The Anatomy of electro-weak symmetry breaking. I: The Higgs boson in the standard model}",
      journal        = "Phys. Rept.",
      volume         = "457",
      year           = "2008",
      pages          = "1",
      doi            = "10.1016/j.physrep.2007.10.004",
      eprint         = "hep-ph/0503172",
      archivePrefix  = "arXiv",
      primaryClass   = "hep-ph",
      reportNumber   = "LPT-ORSAY-05-17",
      SLACcitation   = "%%CITATION = HEP-PH/0503172;%%"
}

%%Excited quark
@article{Pati:1975md,
      author         = "Pati, Jogesh C. and Salam, Abdus and Strathdee, J. A.",
      title          = "{Are Quarks Composite?}",
      journal        = "Phys. Lett.",
      volume         = "B59",
      year           = "1975",
      pages          = "265",
      doi            = "10.1016/0370-2693(75)90042-8",
      reportNumber   = "IC/75/139",
      SLACcitation   = "%%CITATION = PHLTA,B59,265;%%"
}

@article{Eichten:1983hw,
      author         = "Eichten, E. and Lane, Kenneth D. and Peskin, Michael E.",
      title          = "{New Tests for Quark and Lepton Substructure}",
      booktitle      = "{In *La Plagne 1983, Proceedings, Beyond The Standard
                        Model*, 369-378}",
      journal        = "Phys. Rev. Lett.",
      volume         = "50",
      year           = "1983",
      pages          = "811",
      doi            = "10.1103/PhysRevLett.50.811",
      reportNumber   = "SLAC-PUB-3128, FERMILAB-PUB-83-015-THY,
                        FERMILAB-PUB-83-015-T",
      SLACcitation   = "%%CITATION = PRLTA,50,811;%%"
}
@article{Baur:1987ga,
      author         = "Baur, U. and Hinchliffe, I. and Zeppenfeld, D.",
      title          = "{Excited Quark Production at Hadron Colliders}",
      journal        = "Int.J.Mod.Phys.",
      volume         = "A2",
      pages          = "1285",
      doi            = "10.1142/S0217751X87000661",
      year           = "1987",
      reportNumber   = "FERMILAB-CONF-87-102-T, MAD-PH-354, LBL-23645, C87-05-11",
      SLACcitation   = "%%CITATION = IMPAE,A2,1285;%%",
}
@article{Baur:1989kv,       
      author         = "Baur, U. and Spira, M. and Zerwas, P.M.",
      title          = "{Excited Quark and Lepton Production at Hadron Colliders}",
      journal        = "Phys.Rev.",  
      volume         = "D42",        
      pages          = "815",    
      doi            = "10.1103/PhysRevD.42.815",
      year           = "1990",       
      reportNumber   = "MAD-PH-534, PITHA-89-26",
      SLACcitation   = "%%CITATION = PHRVA,D42,815;%%",
}

%%%%%%%%%%%% Previous Searches
%%% ZEUS at HERA
@article{Breitweg:1997qa,
      author         = "Breitweg, J. and others",
      title          = "{A Search for excited fermions in $e^{+} p$ collisions at HERA}",
      collaboration  = "ZEUS",
      journal        = "Z. Phys.",
      volume         = "C76",
      year           = "1997",
      pages          = "631",
      doi            = "10.1007/s002880050585",
      eprint         = "hep-ex/9708007",
      archivePrefix  = "arXiv",
      primaryClass   = "hep-ex",
      reportNumber   = "DESY-97-112, ANL-HEP-PR-98-58",
      SLACcitation   = "%%CITATION = HEP-EX/9708007;%%"
}
%%% H1 at HERA
@article{Tome:966798,
      author        = "Tom\`{e}, Bernardo",
      title         = "{Search for Excited fermions}",
      journal       = "PoS",
      volume        = "HEP2005",
      pages         = "313",
      year          = "2005",
      url           = "https://cds.cern.ch/record/966798",
}
%%% CDF at Tevatron - Photon + jet
@article{CDFexclgj,
    author         = "Abe, F. and others",
    title          = "{Search for excited quarks in $p\bar{p}$ collisions at $\sqrt{s} = 1.8$ TeV}",
    collaboration  = "CDF",
    journal        = "Phys.Rev.Lett.",
    volume         = "72",
    pages          = "3004",
    doi            = "10.1103/PhysRevLett.72.3004",
    year           = "1994",
    reportNumber   = "FERMILAB-PUB-93-341-E, CDF-PUB-EXOTIC-PUBLIC-2258",
    SLACcitation   = "%%CITATION = PRLTA,72,3004;%%",
}
%%% CDF at Tevatron - Dijet
@article{CDFexcljj,
    author         = "Abe, F. and others",
    title          = "{Search for new particles decaying to dijets at CDF}",
    collaboration  = "CDF",
    journal        = "Phys.Rev.",
    volume         = "D55",
    pages          = "5263",
    doi            = "10.1103/PhysRevD.55.R5263",
    year           = "1997",
    eprint         = "hep-ex/9702004",
    archivePrefix  = "arXiv",
    primaryClass   = "hep-ex",
    reportNumber   = "FERMILAB-PUB-97-023-E, FERMILAB-PUB-98-173-EY",
    SLACcitation   = "%%CITATION = HEP-EX/9702004;%%",
}
%%% D0 at Tevatron - Dijet     
@article{D0excl,
    author         = "Abazov, V.M. and others",
    title          = "{Search for new particles in the two jet decay channel with the D0 detector}",
    collaboration  = "D0 Collaboration",
    journal        = "Phys.Rev.",
    volume         = "D69",
    pages          = "111101",
    doi            = "10.1103/PhysRevD.69.111101",
    year           = "2004",
    eprint         = "hep-ex/0308033",
    archivePrefix  = "arXiv",
    primaryClass   = "hep-ex",
    reportNumber   = "FERMILAB-PUB-03-459-E",
    SLACcitation   = "%%CITATION = HEP-EX/0308033;%%",
}

%% ATLAS 13 TeV dijet
@article{ATLAS:2015nsi,
    author         = "Aad, Georges and others",
    title          = "{Search for new phenomena in dijet mass and angular
                       distributions from $pp$ collisions at $\sqrt{s}=$ 13 TeV
                       with the ATLAS detector}",
    collaboration  = "ATLAS",
    journal        = "Phys. Lett.",
    volume         = "B754",
    year           = "2016",
    pages          = "302",
    doi            = "10.1016/j.physletb.2016.01.032",
    eprint         = "1512.01530",
    archivePrefix  = "arXiv",
    primaryClass   = "hep-ex",
    reportNumber   = "CERN-PH-EP-2015-311",
    SLACcitation   = "%%CITATION = ARXIV:1512.01530;%%"
}

%% ATLAS 13 TeV gamma+Jet
@article{Aad:2015ywd,
    author         = "Aad, Georges and others",
    title          = "{Search for new phenomena with photon+jet events in
                       proton-proton collisions at $ \sqrt{s}=13 $ TeV with the
                       ATLAS detector}",
    collaboration  = "ATLAS",
    journal        = "JHEP",
    volume         = "03",
    year           = "2016",
    pages          = "041",
    doi            = "10.1007/JHEP03(2016)041",
    eprint         = "1512.05910",
    archivePrefix  = "arXiv",
    primaryClass   = "hep-ex",
    reportNumber   = "CERN-PH-EP-2015-320",
    SLACcitation   = "%%CITATION = ARXIV:1512.05910;%%"
}

%% CMS dijet 13TeV
@article{Khachatryan:2015dcf,
    author         = "Khachatryan, Vardan and others",
    title          = "{Search for narrow resonances decaying to dijets in
                       proton-proton collisions at $\sqrt(s) =$ 13 TeV}",
    collaboration  = "CMS",
    journal        = "Phys. Rev. Lett.",
    volume         = "116",
    year           = "2016",
    number         = "7",
    pages          = "071801",
    doi            = "10.1103/PhysRevLett.116.071801",
    eprint         = "1512.01224",
    archivePrefix  = "arXiv",
    primaryClass   = "hep-ex",
    reportNumber   = "CMS-EXO-15-001, CERN-PH-EP-2015-317",
    SLACcitation   = "%%CITATION = ARXIV:1512.01224;%%"
}

%% ATLAS bstar in tW at 7TeV
@article{Aad:2013rna,
    author         = "Aad, Georges and others",
    title          = "{Search for single $b^*$-quark production with the ATLAS
                       detector at $\sqrt{s}=7$ TeV}",
    collaboration  = "ATLAS",
    journal        = "Phys. Lett.",
    volume         = "B721",
    year           = "2013",
    pages          = "171",
    doi            = "10.1016/j.physletb.2013.03.016",
    eprint         = "1301.1583",
    archivePrefix  = "arXiv",
    primaryClass   = "hep-ex",
    reportNumber   = "CERN-PH-EP-2012-344",
    SLACcitation   = "%%CITATION = ARXIV:1301.1583;%%"
}

%% CMS bstar in tw at 8TeV
@article{Khachatryan:2015mta,
    author         = "Khachatryan, Vardan and others",
    title          = "{Search for the production of an excited bottom quark
                       decaying to $tW$ in proton-proton collisions at $
                       \sqrt{s}=8 $ TeV}",
    collaboration  = "CMS",
    journal        = "JHEP",
    volume         = "01",
    year           = "2016",
    pages          = "166",
    doi            = "10.1007/JHEP01(2016)166",
    eprint         = "1509.08141",
    archivePrefix  = "arXiv",
    primaryClass   = "hep-ex",
    reportNumber   = "CMS-B2G-14-005, CERN-PH-EP-2015-246",
    SLACcitation   = "%%CITATION = ARXIV:1509.08141;%%"
}

%%CMS bstar dijet at 8TeV
@article{Khachatryan:2015sja,
    author         = "Khachatryan, Vardan and others",
    title          = "{Search for resonances and quantum black holes using
                       dijet mass spectra in proton-proton collisions at
                       $\sqrt{s} =$ 8 TeV}",
    collaboration  = "CMS",
    journal        = "Phys. Rev.",
    volume         = "D91",
    year           = "2015",
    pages          = "052009",
    doi            = "10.1103/PhysRevD.91.052009",
    eprint         = "1501.04198",
    archivePrefix  = "arXiv",
    primaryClass   = "hep-ex",
    reportNumber   = "CMS-EXO-12-059, CERN-PH-EP-2014-300",
    SLACcitation   = "%%CITATION = ARXIV:1501.04198;%%"
}

%% Bib File (references) for ******************************** Chapter - 2 ********************************************************************
%% Big-bang theory
@book{Gorbunov:2011zz,
    author         = "Gorbunov, Dmitry S. and Rubakov, Valery A.",
    title          = "{Introduction to the theory of the early universe: Hot
                       big bang theory}",
    publisher      = "World Scientific",
    address        = "Hackensack",
    year           = "2011",
    url            = "http://www.DESY.eblib.com/patron/FullRecord.aspx?p=737614",
    SLACcitation   = "%%CITATION = INSPIRE-963505;%%"
}

%%for LHC
@book{Bruning:782076,
      author        = "Br$\ddot{\textrm{u}}$ning, Oliver Sim and Collier, Paul and Lebrun, P and Myers, Stephen and Ostojic, Ranko and Poole, John and Proudlock, Paul",
      title         = "{LHC Design Report}",
      publisher     = "CERN",
      address       = "Geneva",
      year          = "2004",
      url           = "https://cds.cern.ch/record/782076",
      note          = "CERN-2004-003-V-1",
}
%%for LHC
@article{Evans:2008zzb,
      author         = "Evans, Lyndon and Bryant, Philip",
      editor         = "Evans, Lyndon",
      title          = "{LHC Machine}",
      journal        = "JINST",
      volume         = "3",
      pages          = "S08001",
      doi            = "10.1088/1748-0221/3/08/S08001",
      year           = "2008",
      SLACcitation   = "%%CITATION = JINST,3,S08001;%%",
}
%% LEP
@article{LEP,
      author = "S. Myers and E. Picasso",
      title = "{The design, construction and commissioning of the CERN large Electron--Positron collider}",
      journal = "Contemporary Physics",
      volume = "31",
      pages = "387",
      year  = {1990},
      publisher = "Taylor & Francis",
      doi = "10.1080/00107519008213789",
      URL = "https://doi.org/10.1080/00107519008213789",
}
%% Tevatron
@article{Holmes:2011ey,
      author         = "Holmes, Stephen and Moore, Ronald S. and Shiltsev,
                        Vladimir",
      title          = "{Overview of the Tevatron Collider Complex: Goals,
                         Operations and Performance}",
      journal        = "JINST",
      volume         = "6",
      year           = "2011",
      pages          = "T08001",
      doi            = "10.1088/1748-0221/6/08/T08001",
      eprint         = "1106.0909",
      archivePrefix  = "arXiv",
      primaryClass   = "physics.acc-ph",
      reportNumber   = "FERMILAB-PUB-11-245-AD-APC",
      SLACcitation   = "%%CITATION = ARXIV:1106.0909;%%"
}
%%% ATLAS
@book{atlasTDR,
      author        = "Airapetian, A. and others",
      title         = "{ATLAS detector and physics performance: Technical Design Report, 1}",
      publisher     = "CERN",
      collaboration = "ATLAS",
      address       = "Geneva",
      series        = "TDR ATLAS",
      year          = "1999",
      url           = "https://cds.cern.ch/record/391176",
      note          = "ATLAS-TDR-014; CERN-LHCC-99-014",
}
%% CMS TDR 
@book{cmsTDR,
      author        = "Bayatian, G L and others",
      title         = "{CMS Physics: Technical Design Report Volume 1: Detector Performance and Software}",
      publisher     = "CERN",
      collaboration = "CMS",
      address       = "Geneva",
      series        = "TDR CMS",
      year          = "2006",
      note          = "{CERN-LHCC-2006-001}",
      url           = "https://cds.cern.ch/record/922757",
}
%%% ALICE
@book{aliceTDR,
      author        = "Cortese, P. and others",
      title         = "{ALICE physics performance: Technical Design Report}",
      publisher     = "CERN",
      collaboration = "ALICE",
      address       = "Geneva",
      series        = "TDR ALICE",
      year          = "2005",
      url           = "https://cds.cern.ch/record/879894",
      note          = "ALICE-TDR-13; CERN-LHCC-2005-030",
}
%%LHCb
@book{lhcbTDR,
      author        = "Antunes-Nobrega, R and others",
      title         = "{LHCb reoptimized detector design and performance: Technical Design Report}",
      publisher     = "CERN",
      collaboration = "LHCb",
      address       = "Geneva",
      series        = "TDR LHCb",
      year          = "2003",
      url           = "https://cds.cern.ch/record/630827",
      note          = "LHCb-TDR-9; CERN-LHCC-2003-030",
}

%%CERN Site
@misc{Web:CERN,
    title          = {CERN Experiments and Facilities},
    howpublished   = {\url{http://home.web.cern.ch/about}},
    note           = {Accessed, 2015},
}
%% CMS Luminosity public website
@misc{Web:CMSLumi,
    author         = "Chatrchyan, S. and others",
    title          = {CMS Luminosity - Public Results},
    collaboration  = "CMS",
    howpublished   = {\url{https://twiki.cern.ch/twiki/bin/view/CMSPublic/LumiPublicResults}},
    note           = {Accessed: 2014-09-30},
}

%%for CMS
@article{Chatrchyan:2008aa,
      author         = "Chatrchyan, S. and others",
      title          = "{The CMS experiment at the CERN LHC}",
      collaboration  = "CMS",
      journal        = "JINST",
      volume         = "3",
      pages          = "S08004",
      doi            = "10.1088/1748-0221/3/08/S08004",
      year           = "2008",
      SLACcitation   = "%%CITATION = JINST,3,S08004;%%",
}
%% CMS Tracker 
@book{Karimaki:368412,
      author        = "Karim$\ddot{a}$ki, V and others",
      title         = "{The CMS tracker system project: Technical Design Report}",
      publisher     = "CERN",
      collaboration = "CMS",
      address       = "Geneva",
      series        = "Technical Design Report CMS",
      year          = "1997",
      url           = "http://cds.cern.ch/record/368412",
}
@article{Chatrchyan:2014fea,
      author         = "Chatrchyan, Serguei and others",
      title          = "{Description and performance of track and primary-vertex reconstruction with the CMS tracker}",
      collaboration  = "CMS",
      journal        = "JINST",
      volume         = "9",
      pages          = "P10009",
      doi            = "10.1088/1748-0221/9/10/P10009",
      year           = "2014",
      eprint         = "1405.6569",
      archivePrefix  = "arXiv",
      primaryClass   = "physics.ins-det",
      reportNumber   = "CMS-TRK-11-001, CERN-PH-EP-2014-070",
      SLACcitation   = "%%CITATION = ARXIV:1405.6569;%%",
}
@unpublished{CMS:2010nua,
      key            = "925301",
      title          = "{Studies of Tracker Material}",
      collaboration  = "CMS",
      year           = "2010",
      reportNumber   = "CMS-PAS-TRK-10-003",
      note           = "{CMS-PAS-TRK-10-003}",
      SLACcitation   = "%%CITATION = CMS-PAS-TRK-10-003 ETC.;%%",
}
@article{Baur:1999tw,
      author         = "Baur, R. and Bertl, Wilhelm H.",
      title          = "{The CMS pixel vertex detector}",
      booktitle      = "{Advanced technology and particle physics. Proceedings,
                         6th International Conference, Villa Olmo, Como, Italy,
                         October 5-9, 1998}",
      journal        = "Nucl. Phys. Proc. Suppl.",
      volume         = "78",
      year           = "1999",
      pages          = "293",
      doi            = "10.1016/S0920-5632(99)00560-5",
      SLACcitation   = "%%CITATION = NUPHZ,78,293;%%"
}
%% pixel detector upgrade
@book{CMS:2012sda,
      author         = "Matzner Dominguez and others ",
      title          = "{CMS Technical Design Report for the Pixel Detector
                         Upgrade}",
      publisher     = "CERN",			 
      collaboration  = "CMS",
      address       = "Geneva",
      series        = "Technical Design Report CMS",
      year           = "2012",
      reportNumber   = "CERN-LHCC-2012-016, CMS-TDR-011, FERMILAB-DESIGN-2012-02",
      SLACcitation   = "%%CITATION = CERN-LHCC-2012-016;%%"
}
@article{1748-0221-9-03-C03041,
      author    = "A Tricomi",
      title     = "{Upgrade of the CMS tracker}",
      collaboration  = "CMS",
      journal        = "JINST",
      volume    = "9",
      pages     = "C03041",
      doi       = "10.1088/1748-0221/9/03/C03041",
      url       = "http://stacks.iop.org/1748-0221/9/i=03/a=C03041",
      year      = "2014"
}
%%% ECAL TDR
@book{ecalTDR,
      title         = "{The CMS electromagnetic calorimeter project: Technical Design Report}",
      collaboration = "CMS",
      publisher     = "CERN",
      address       = "Geneva",
      series        = "TDR CMS",
      year          = "1997",
      note          = "{CERN-LHCC-97-033}",
      url           = "https://cds.cern.ch/record/349375",
      reportNumber  = "CERN-LHCC-97-033, CMS-TDR-4",
      SLACcitation  = "%%CITATION = CERN-LHCC-97-033;%%"
}
@unpublished{CMS:2010zta,
      key            = "925287",
      title          = "{Electromagnetic calorimeter calibration with 7 TeV data}",
      collaboration  = "CMS",
      year           = "2010",
      reportNumber   = "CMS-PAS-EGM-10-003",
      note           = "{CMS-PAS-EGM-10-003}",
      SLACcitation   = "%%CITATION = CMS-PAS-EGM-10-003 ETC.;%%",
}

@article{Chatrchyan:2013dga,
      author         = "Chatrchyan, Serguei and others",
      title          = "{Energy Calibration and Resolution of the CMS
                         Electromagnetic Calorimeter in $pp$ Collisions at
                         $\sqrt{s} = 7$ TeV}",
      collaboration  = "CMS",
      journal        = "JINST",
      volume         = "8",
      year           = "2013",
      pages          = "P09009",
      doi            = "10.1088/1748-0221/8/09/P09009",
      eprint         = "1306.2016",
      archivePrefix  = "arXiv",
      primaryClass   = "hep-ex",
      reportNumber   = "CMS-EGM-11-001, CERN-PH-EP-2013-097",
      SLACcitation   = "%%CITATION = ARXIV:1306.2016;%%"
      }

@book{Wigmans1991,
      author="Wigmans, Richard",
      editor="Ferbel, Thomas",
      title="Calorimetry in High Energy Physics",
      bookTitle="Techniques and Concepts of High-Energy Physics VI",
      year="1991",
      publisher="Springer US",
      address="Boston, MA",
      pages="325",
      isbn="978-1-4684-6006-3",
      doi="10.1007/978-1-4684-6006-3_6",
      url="https://doi.org/10.1007/978-1-4684-6006-3_6"
}
@article{Wigmans:1991cc,
         author         = "Wigmans, Richard",
         title          = "{Advances in hadron calorimetry}",
         journal        = "Ann. Rev. Nucl. Part. Sci.",
         volume         = "41",
         year           = "1991",
         pages          = "133",
         doi            = "10.1146/annurev.ns.41.120191.001025",
         reportNumber   = "CERN-PPE-91-39",
         SLACcitation   = "%%CITATION = ARNUA,41,133;%%"
}

%%% HCAL TDR
@book{hcalTDR,
      title         = "{The CMS hadron calorimeter project: Technical Design Report}",
      publisher     = "CERN",
      collaboration = "CMS",
      address       = "Geneva",
      series        = "TDR CMS",
      year          = "1997",
      note          = "{CERN-LHCC-97-031}",
      url           = "https://cds.cern.ch/record/357153",
}
%%% HCAL HB 
@article{Abdullin:2008zzb,
      author         = "Abdullin, S. and others",
      title          = "{Design, performance, and calibration of CMS hadron-barrel calorimeter wedges}",
      collaboration  = "CMS HCAL",
      journal        = "Eur.Phys.J.",
      volume         = "C55",
      pages          = "159-171",
      doi            = "10.1140/epjc/s10052-008-0573-y",
      year           = "2008",
      reportNumber   = "FERMILAB-PUB-08-246-CMS",
      SLACcitation   = "%%CITATION = EPHJA,C55,159;%%",
}
%% HCAL HE
@unpublished{Baiatian:2008zz,
      author         = "Baiatian, G. and others",
      title          = "{Design, performance, and calibration of CMS hadron endcap calorimeters}",
      collaboration  = "CMS HCAL",
      year           = "2008",
      reportNumber   = "CERN-CMS-NOTE-2008-010",
      note           = "{CERN-CMS-NOTE-2008-010}",
      SLACcitation   = "%%CITATION = CERN-CMS-NOTE-2008-010 ETC.;%%",
}
%% HCAL HO
@article{Abdullin:2008zza,
      author         = "Abdullin, S. and others",
      title          = "{Design, performance, and calibration of the CMS Hadron-outer calorimeter}",
      collaboration  = "CMS HCAL",
      journal        = "Eur.Phys.J.",
      volume         = "C57",
      pages          = "653-663",
      doi            = "10.1140/epjc/s10052-008-0756-6",
      year           = "2008",
      reportNumber   = "CERN-CMS-NOTE-2008-020",
      SLACcitation   = "%%CITATION = EPHJA,C57,653;%%",
}
%% HCAL HF
@article{Bayatian:2006jz,
      author         = "Bayatian, G. and Sirunian, A. and Emelyanchik, I. and Massolov, V. and Shumeiko, N. and others",
      title          = "{Design, performance and calibration of the CMS forward calorimeter wedges}",
      journal        = "Eur.Phys.J.",
      volume         = "C53",
      pages          = "139-166",
      doi            = "10.1140/epjc/s10052-007-0459-4",
      year           = "2008",
      reportNumber   = "CERN-CMS-NOTE-2006-044",
      SLACcitation   = "%%CITATION = EPHJA,C53,139;%%",
}
%% HCAL test beam
@article{Abdullin:2009zz,
      author         = "Abdullin, S. and others",
      title          = "{The CMS barrel calorimeter response to particle beams from 2-GeV/c to 350-GeV/c}",
      collaboration  = "USCMS, ECAL/HCAL",
      journal        = "Eur.Phys.J.",
      volume         = "C60",
      pages          = "359-373",
      doi            = "10.1140/epjc/s10052-009-0959-5,
                        10.1140/epjc/s10052-009-1024-0",
      year           = "2009",
      reportNumber   = "FERMILAB-PUB-08-661-E-PPD, CERN-CMS-NOTE-2008-034",
      SLACcitation   = "%%CITATION = EPHJA,C60,359;%%",
}
%%Magnet
@book{cmsMagnet,
    title         = "{The CMS magnet project: Technical Design Report}",
    publisher     = "CERN",
    collaboration = "CMS",
    address       = "Geneva",
    series        = "Technical Design Report CMS",
    year          = "1997",
    url           = "http://cds.cern.ch/record/331056",
}
%%%% Muon TDR
@book{muonTDR,
      title         = "{The CMS muon project: Technical Design Report}",
      publisher     = "CERN",
      collaboration = "CMS",
      address       = "Geneva",
      series        = "TDR CMS",
      year          = "1997",
      note          = "{CERN-LHCC-97-032}",
      url           = "https://cds.cern.ch/record/343814",
}
%% Trigger TDR
@book{triggerTDR,
      author        = "Bayatyan, G L and others",
      title         = "{CMS TriDAS project: Technical Design Report, Volume 1: The Trigger Systems}",
      publisher     = "CERN",
      collaboration = "CMS",
      address       = "Geneva",
      series        = "TDR CMS",
      year          = "2000",
      url           = "https://cds.cern.ch/record/706847",
      note          = "CMS-TDR-6-1; CERN-LHCC-2000-038",
}
%% DAQ and HLT TDR
@book{daqhltTDR,
      author        = "Cittolin, Sergio and others",
      title         = "{CMS The TriDAS Project: Technical Design Report, Volume 2: Data Acquisition and High-Level Trigger. CMS trigger and data-acquisition project}",
      publisher     = "CERN",
      collaboration = "CMS",
      address       = "Geneva",
      series        = "TDR CMS",
      year          = "2002",
      url           = "https://cds.cern.ch/record/578006",
      note          = "CMS-TDR-6; CERN-LHCC-2002-026",
}
%% LHC GRID 
@book{Eck:840543,
      author        = "Eck, Christoph and Knobloch, J and Robertson, Leslie and
                       Bird, I and Bos, K and Brook, N and Düllmann, D and Fisk,
                       I and Foster, D and Gibbard, B and Grandi, C and Grey, F
                       and Harvey, J and Heiss, A and Hemmer, F and Jarp, S and
                       Jones, R and Kelsey, D and Lamanna, M and Marten, H and
                       Mato-Vila, P and Ould-Saada, F and Panzer-Steindel, B and
                       Perini, L and Schutz, Y and Schwickerath, U and Shiers, J
                       and Wenaus, T",
      title         = "{LHC computing Grid: Technical Design Report. Version 1.06 (20 Jun 2005)}",
      publisher     = "CERN",
      address       = "Geneva",
      series        = "Technical Design Report LCG",
      year          = "2005",
      url           = "https://cds.cern.ch/record/840543",
}
%% CMS data management
@article{Giffels:2014tfa,
      author         = "Giffels, M. and Guo, Y. and Kuznetsov, V. and Magini, N.
                        and Wildish, T.",
      title          = "{The CMS Data Management System}",
      booktitle      = "{Proceedings, 20th International Conference on Computing
                        in High Energy and Nuclear Physics (CHEP 2013): Amsterdam,
                        The Netherlands, October 14-18, 2013}",
      journal        = "J. Phys. Conf. Ser.",
      volume         = "513",
      year           = "2014",
      pages          = "042052",
      doi            = "10.1088/1742-6596/513/4/042052",
      SLACcitation   = "%%CITATION = 00462,513,042052;%%"
}
%% PhEDEx
@article{Egeland:2008zz,
      author         = "Egeland, Ricky and Wildish, Tony and Metson, Simon",
      title          = "{Data transfer infrastructure for CMS data taking}",
      booktitle      = "{Proceedings, 12th International Workshop on Advanced
                        computing and analysis techniques in physics research
                        (ACAT 2008): Erice, Italy, November 3-7, 2008}",
      journal        = "Proceedings of Science",
      volume         = "ACAT08",
      year           = "2008",
      pages          = "033",
      SLACcitation   = "%%CITATION = POSCI,ACAT08,033;%%"
}
@techreport{Egeland:1196164,
      author        = "Egeland, Ricky and Wildish, Tony and Huang, Chih-Hao",
      title         = "{PhEDEx Data Service}",
      institution   = "CERN",
      address       = "Geneva",
      number        = "CMS-CR-2009-071",
      year          = "2009",
      reportNumber  = "CMS-CR-2009-071",
      note          = "{\url{https://cds.cern.ch/record/1196164}}",
}
%% DBS
@article{Afaq:2007zz,
      author         = "Afaq, Anzar and Dolgert, Andrew and Guo, Yuyi and Jones,
                        Chris and Kosyakov, Sergey and Kuznetsov, Valentin and
                        Lueking, Lee and Riley, Dan and Sekhri, Vijay",
      title          = "{The CMS dataset bookkeeping service}",
      booktitle      = "{Proceedings, 16th International Conference on Computing
                        in High Energy and Nuclear Physics (CHEP 2007): Victoria,
                        Canada, September 2-7, 2007}",
      collaboration  = "CMS",
      journal        = "J. Phys. Conf. Ser.",
      volume         = "119",
      year           = "2008",
      pages          = "072001",
      doi            = "10.1088/1742-6596/119/7/072001",
      reportNumber   = "FERMILAB-CONF-07-498-CD",
      SLACcitation   = "%%CITATION = 00462,119,072001;%%"
}
%% DAS
@article{KUZNETSOV20101535,
      author = "Valentin Kuznetsov and Dave Evans and Simon Metson",
      title = "The CMS data aggregation system",
      journal = "Procedia Computer Science",
      volume = "1",
      pages = "1535",
      year = "2010",
      doi = "10.1016/j.procs.2010.04.172"
}
@article{Brun:1997pa,
      author         = "Brun, R. and Rademakers, F.",
      title          = "{ROOT: An object oriented data analysis framework}",
      booktitle      = "{New computing techniques in physics research V.
                         Proceedings, 5th International Workshop, AIHENP '96,
                         Lausanne, Switzerland, September 2-6, 1996}",
      journal        = "Nucl. Instrum. Meth.",
      volume         = "A389",
      year           = "1997",
      pages          = "81",
      doi            = "10.1016/S0168-9002(97)00048-X",
      SLACcitation   = "%%CITATION = NUIMA,A389,81;%%"
}

%% Bib File (references) for ************************************** Chapter - 3 ***********************************************************
%%CMS reconstruction
@article{Lange:2011zza,
      author         = "Lange, David J.",
      title          = "{The CMS reconstruction software}",
      collaboration  = "CMS",
      journal        = "J.Phys.Conf.Ser.",
      volume         = "331",
      pages          = "032020",
      doi            = "10.1088/1742-6596/331/3/032020",
      year           = "2011",
      SLACcitation   = "%%CITATION = 00462,331,032020;%%",
}
%% MC Generators
@article{Buckley:2011ms,
      author         = "Buckley, Andy and others",
      title          = "{General-purpose event generators for LHC physics}",
      journal        = "Phys. Rept.",
      volume         = "504",
      year           = "2011",
      pages          = "145-233",
      doi            = "10.1016/j.physrep.2011.03.005",
      eprint         = "1101.2599",
      archivePrefix  = "arXiv",
      primaryClass   = "hep-ph",
      reportNumber   = "CAVENDISH-HEP-10-21, CERN-PH-TH-2010-298, DCPT-10-202,HD-THEP-10-24, IPPP-10-101, KA-TP-40-2010, LU-TP-10-28,MAN-HEP-2010-23, MCNET-11-01, SLAC-PUB-14333,--HD-THEP-10-24, --MCNET-11-01",
      SLACcitation   = "%%CITATION = ARXIV:1101.2599;%%"
}

@article{Dobbs:2004qw,
      author         = "Dobbs, M.A. and Frixione, S. and Laenen, Eric and Tollefson, K. and Baer, H. and others",
      title          = "{Les Houches guidebook to Monte Carlo generators for hadron collider physics}",
      pages          = "411-459",
      year           = "2004",
      eprint         = "hep-ph/0403045",
      archivePrefix  = "arXiv",
      primaryClass   = "hep-ph",
      reportNumber   = "FERMILAB-CONF-04-183-T",
      SLACcitation   = "%%CITATION = HEP-PH/0403045;%%",
}

%% PF reconstruction algorithm
@article{Sirunyan:2017ulk,
      author         = "Sirunyan, A. M. and others",
      title          = "{Particle-flow reconstruction and global event
                         description with the CMS detector}",
      collaboration  = "CMS",
      journal        = "JINST",
      volume         = "12",
      year           = "2017",
      pages          = "P10003",
      doi            = "10.1088/1748-0221/12/10/P10003",
      eprint         = "1706.04965",
      archivePrefix  = "arXiv",
      primaryClass   = "physics.ins-det",
      reportNumber   = "CMS-PRF-14-001, CERN-EP-2017-110",
      SLACcitation   = "%%CITATION = ARXIV:1706.04965;%%"
}
%% CMS Track Reconstruction
@techreport{Adam:934067,
      author        = "Adam, Wolfgang and Mangano, Boris and Speer, Thomas and
                       Todorov, Teddy",
      title         = "{Track Reconstruction in the CMS tracker}",
      institution   = "CERN",
      address       = "Geneva",
      collaboration = "CMS",
      number        = "CMS-NOTE-2006-041",
      year          = "2006",
      reportNumber  = "CMS-NOTE-2006-041",
      note          = "{\url{https://cds.cern.ch/record/934067}}",
}
%% Kalman filter for tracks
@article{Fruhwirth:1987fm,
      author         = "Fruhwirth, R.",
      title          = "{Application of Kalman filtering to track and vertex fitting}",
      journal        = "Nucl.Instrum.Meth.",
      volume         = "A262",
      pages          = "444-450",
      doi            = "10.1016/0168-9002(87)90887-4",
      year           = "1987",
      reportNumber   = "HEPHY-PUB-87-503",
      SLACcitation   = "%%CITATION = NUIMA,A262,444;%%",
}
@article{Billoir:1989mh,
      author         = "Billoir, Pierre",
      title          = "{Progressive track recognition with a Kalman like fitting
                         procedure}",
      booktitle      = "{Comput. Phys. Commun. 57 (1989) 390-394.}",
      journal        = "Comput. Phys. Commun.",
      volume         = "57",
      year           = "1989",
      pages          = "390-394",
      doi            = "10.1016/0010-4655(89)90249-X",
      SLACcitation   = "%%CITATION = CPHCB,57,390;%%"
}

@article{Billoir:1990we,
      author         = "Billoir, Pierre and Qian, S.",
      title          = "{Simultaneous pattern recognition and track fitting by
                         the Kalman filtering method}",
      journal        = "Nucl. Instrum. Meth.",
      volume         = "A294",
      year           = "1990",
      pages          = "219",
      doi            = "10.1016/0168-9002(90)91835-Y",
      SLACcitation   = "%%CITATION = NUIMA,A294,219;%%"
}
%%% Beamspot
@techreport{Miao:2007zz,
      author        = "Miao, Ting and Leioatts, N and Wenzel, Hans and Yumiceva,
                       Francisco",
      title         = "{Beam Position Determination using Tracks}",
      institution   = "CERN",
      collaboration = "CMS",
      address       = "Geneva",
      number        = "CMS-NOTE-2007-021",
      year          = "2007",
      reportNumber  = "CMS-NOTE-2007-021",
      note          = "{\url{https://cds.cern.ch/record/1061285}}",
}
@article{DAC_mech,
      author = {Rose, Kenneth},
      title = {Deterministic Annealing for Clustering, Compression, Classification, Regression, and Related Optimization Problems},
      journal = "Proceedings of the IEEE",
      volume = {86}, 
      year = {1998},
      pages = {},
      doi = {10.1109/5.726788}
}
%% photon reconstruction
@article{Khachatryan:2015iwa,
      author         = "Khachatryan, Vardan and others",
      title          = "{Performance of photon reconstruction and identification with the CMS detector in proton-proton collisions at $\sqrt{s}$ = 8 TeV}",
      collaboration  = "CMS",
      year           = "2015",
      eprint         = "1502.02702",
      archivePrefix  = "arXiv",
      primaryClass   = "physics.ins-det",
      reportNumber   = "CMS-EGM-14-001, CERN-PH-EP-2015-006",
      SLACcitation   = "%%CITATION = ARXIV:1502.02702;%%",
}
@techreport{Anderson:1365024,
      author        = "Anderson, Mary and Askew, Andrew and Barfuss, Anne-fleur
                       and Evans, David and Ferri, Federico and Kaadze, Ketino and
                       Maravin, Yurii and Meridiani, Paolo and Seez, Christopher",
      title         = "{Review of clustering algorithms and energy corrections in
                        ECAL}",
      year          = "2010",
      institution   = "CERN",
      collaboration = "CMS",
      address       = "Geneva",		    
      reportNumber  = "CMS-IN-2010-008",
      note          = "{\url{https://cds.cern.ch/record/1365024}}"
}
%% ECAL Clustering
@techreport{Meschi:687345,
      author        = "Meschi, Emilio and Monteiro, T and Seez, Christopher and Vikas, Pratibha",
      title         = "{Electron Reconstruction in the CMS Electromagnetic Calorimeter}",
      institution   = "CERN",
      address       = "Geneva",
      number        = "CMS-NOTE-2001-034",
      year          = "2001",
      reportNumber  = "CMS-NOTE-2001-034",
      note          = "{\url{https://cds.cern.ch/record/687345}}",
}
%% CMS PF algorithm
@techreport{CMS-PAS-PFT-09-001,
      title         = "{Particle-Flow Event Reconstruction in CMS and Performance
                        for Jets, Taus, and MET}",
      institution   = "CERN",
      collaboration = "CMS",
      address       = "Geneva",
      number        = "CMS-PAS-PFT-09-001",
      year          = "2009",
      reportNumber  = "CMS-PAS-PFT-09-001",
      note          = "{\url{https://cds.cern.ch/record/1194487}}",
}
%% Kt algorithm
@article{Catani:246812,
      author         = "Catani, S. and Dokshitzer, Yuri L. and Seymour, M.H. and Webber, B.R.",
      title          = "{Longitudinally invariant $k_{\mathrm{t}}$ clustering algorithms for hadron hadron collisions}",
      journal        = "Nucl.Phys.",
      volume         = "B406",
      pages          = "187",
      doi            = "10.1016/0550-3213(93)90166-M",
      year           = "1993",
      reportNumber   = "CERN-TH-6775-93, LU-TP-93-2",
      SLACcitation   = "%%CITATION = NUPHA,B406,187;%%",
}
%% antikt
@article{Cacciari:2008gp,
      author         = "Cacciari, Matteo and Salam, Gavin P. and Soyez, Gregory",
      title          = "{The Anti-$k_{\mathrm{t}}$ jet clustering algorithm}",
      journal        = "JHEP",
      volume         = "0804",
      pages          = "063",
      doi            = "10.1088/1126-6708/2008/04/063",
      year           = "2008",
      eprint         = "0802.1189",
      archivePrefix  = "arXiv",
      primaryClass   = "hep-ph",
      reportNumber   = "LPTHE-07-03",
      SLACcitation   = "%%CITATION = ARXIV:0802.1189;%%",
}
%% Cambridge/Aachen algorithm
@techreport{CMS-PAS-JME-09-001,
      title         = "{A Cambridge-Aachen (C-A) based Jet Algorithm for boosted
                        top-jet tagging}",
      institution   = "CERN",
      collaboration = "CMS",
      address       = "Geneva",
      number        = "CMS-PAS-JME-09-001",
      year          = "2009",
      reportNumber  = "CMS-PAS-JME-09-001",
      note          = "{\url{http://cds.cern.ch/record/1194489}}",
}
@article{Dokshitzer:1997in,
      author         = "Dokshitzer, Yuri L. and Leder, G.D. and Moretti, S. and Webber, B.R.",
      title          = "{Better jet clustering algorithms}",
      journal        = "JHEP",
      volume         = "9708",
      pages          = "001",
      doi            = "10.1088/1126-6708/1997/08/001",
      year           = "1997",
      eprint         = "hep-ph/9707323",
      archivePrefix  = "arXiv",
      primaryClass   = "hep-ph",
      reportNumber   = "CAVENDISH-HEP-97-06",
      SLACcitation   = "%%CITATION = HEP-PH/9707323;%%",
}
%% JEC
@techreport{CMS-PAS-JME-07-002,
      title         = "{Plans for Jet Energy Corrections at CMS}",
      institution   = "CERN",
      collaboration = "CMS",
      address       = "2008. Geneva",
      number        = "CMS-PAS-JME-07-002",
      year          = "2008",
      reportNumber  = "CMS-PAS-JME-07-002",
      note          = "{\url{https://cds.cern.ch/record/1194485}}",
}
@article{Cacciari:2007fd,
      author         = "Cacciari, Matteo and Salam, Gavin P.",
      title          = "{Pileup subtraction using jet areas}",
      journal        = "Phys.Lett.",
      volume         = "B659",
      pages          = "119",
      doi            = "10.1016/j.physletb.2007.09.077",
      year           = "2008",
      eprint         = "0707.1378",
      archivePrefix  = "arXiv",
      primaryClass   = "hep-ph",
      reportNumber   = "LPTHE-07-01",
      SLACcitation   = "%%CITATION = ARXIV:0707.1378;%%",
}
%%% b tagging
@article{Chatrchyan:2012jua,
      author         = "Chatrchyan, Serguei and others",
      title          = "{Identification of b-quark jets with the CMS experiment}",
      collaboration  = "CMS",
      journal        = "JINST",
      volume         = "8",
      year           = "2013",
      pages          = "P04013",
      doi            = "10.1088/1748-0221/8/04/P04013",
      eprint         = "1211.4462",
      archivePrefix  = "arXiv",
      primaryClass   = "hep-ex",
      reportNumber   = "CMS-BTV-12-001, CERN-PH-EP-2012-262",
      SLACcitation   = "%%CITATION = ARXIV:1211.4462;%%"
}			  

@unpublished{Sirunyan:2017ezt,
      author         = "Sirunyan, Albert M and others",
      title          = "{Identification of heavy-flavour jets with the CMS
                         detector in pp collisions at 13 TeV}",
      collaboration  = "CMS",
      year           = "2017",
      eprint         = "1712.07158",
      archivePrefix  = "arXiv",
      primaryClass   = "physics.ins-det",
      note = "Submitted to \textit{JINST}",
      reportNumber   = "CMS-BTV-16-002, CERN-EP-2017-326",
      SLACcitation   = "%%CITATION = ARXIV:1712.07158;%%"
}

@misc{Web:JetId,
    title          = {Jet Identification in the CMS detector},
    collaboration  = "CMS",         
    howpublished   = {\url{https://twiki.cern.ch/twiki/bin/viewauth/CMS/JetID}},
    note           = {Accessed: 2016},
}
@article{WLCG,
    author = "Jamie Shiers",
    title = "The Worldwide LHC Computing Grid (worldwide LCG)",
    journal = "Computer Physics Communications",
    volume = "177",
    pages = "219",
    year = "2007",
    note = "Proceedings of the Conference on Computational Physics 2006",
    issn = "0010-4655",
    doi = "10.1016/j.cpc.2007.02.021",
    url = "http://www.sciencedirect.com/science/article/pii/S001046550700077X"
}
%% MC methods
@article{MC_Tech,
       author = {Robert, Christian P.},
       title = {Monte Carlo Methods},
       publisher = {John Wiley $\&$ Sons, Ltd},
       isbn = {9781118445112},
       url = {http://dx.doi.org/10.1002/9781118445112.stat03876.pub2},
       doi = {10.1002/9781118445112.stat03876.pub2},
       year = {2014},
}

@book{robert2004monte,
      title={Monte Carlo Methods},
      author={Robert, Christian P},
      year={2004},
      publisher={Wiley Online Library}
}
%%% PDF
@article{Martin:2009iq,
      author         = "Martin, A.D. and Stirling, W.J. and Thorne, R.S. and Watt, G.",
      title          = "{Parton distributions for the LHC}",
      journal        = "Eur.Phys.J.",
      volume         = "C63",
      pages          = "189-285",
      doi            = "10.1140/epjc/s10052-009-1072-5",
      year           = "2009",
      eprint         = "0901.0002",
      archivePrefix  = "arXiv",
      primaryClass   = "hep-ph",
      reportNumber   = "IPPP-08-95, DCPT-08-190, CAVENDISH-HEP-08-16",
      SLACcitation   = "%%CITATION = ARXIV:0901.0002;%%",
}

%%% Pythia
@article{Sjostrand:2014zea,
      author         = "Sj$\ddot{\textrm{o}}$strand, Torb$\ddot{\textrm{o}}$rn and Ask, Stefan and CHristiansen,
                        Jesper R. and Corke, Richard and Desai, Nishita and Ilten,
                        Philip and Mrenna, Stephen and Prestel, Stefan and
                        Rasmussen, Christine O. and Skands, Peter Z.",
      title          = "{An Introduction to PYTHIA 8.2}",
      journal        = "Comput. Phys. Commun.",
      volume         = "191",
      year           = "2015",
      pages          = "159",
      doi            = "10.1016/j.cpc.2015.01.024",
      eprint         = "1410.3012",
      archivePrefix  = "arXiv",
      primaryClass   = "hep-ph",
      reportNumber   = "LU-TP-14-36, MCNET-14-22, CERN-PH-TH-2014-190,
                        FERMILAB-PUB-14-316-CD, DESY-14-178, SLAC-PUB-16122",
      SLACcitation   = "%%CITATION = ARXIV:1410.3012;%%"
}
%%% Madgraph
@article{Alwall:2014hca,
      author         = "Alwall, J. and Frederix, R. and Frixione, S. and Hirschi, V. and Maltoni, F. and others",
      title          = "{The automated computation of tree-level and next-to-leading order differential cross sections, and their matching to parton shower simulations}",
      journal        = "JHEP",
      volume         = "1407",
      pages          = "079",
      doi            = "10.1007/JHEP07(2014)079",
      year           = "2014",
      eprint         = "1405.0301",
      archivePrefix  = "arXiv",
      primaryClass   = "hep-ph",
      reportNumber   = "CERN-PH-TH-2014-064, CP3-14-18, LPN14-066, MCNET-14-09,
                        ZU-TH-14-14",
      SLACcitation   = "%%CITATION = ARXIV:1405.0301;%%",
}
%% Alpgen
@article{Mangano:2002ea,
      author         = "Mangano, Michelangelo L. and Moretti, Mauro and Piccinini, Fulvio and Pittau, Roberto and Polosa, Antonio D.",
      title          = "{ALPGEN, a generator for hard multiparton processes in hadronic collisions}",
      journal        = "JHEP",
      volume         = "0307",
      pages          = "001",
      doi            = "10.1088/1126-6708/2003/07/001",
      year           = "2003",
      eprint         = "hep-ph/0206293",
      archivePrefix  = "arXiv",
      primaryClass   = "hep-ph",
      reportNumber   = "CERN-TH-2002-129, FTN-T-2002-06",
      SLACcitation   = "%%CITATION = HEP-PH/0206293;%%",
}
%% Herwig++
@article{Bahr:2008pv,
      author         = "Bahr, M. and Gieseke, S. and Gigg, M.A. and Grellscheid, D. and Hamilton, K. and others",
      title          = "{Herwig++ Physics and Manual}",
      journal        = "Eur.Phys.J.",
      volume         = "C58",
      pages          = "639-707",
      doi            = "10.1140/epjc/s10052-008-0798-9",
      year           = "2008",
      eprint         = "0803.0883",
      archivePrefix  = "arXiv",
      primaryClass   = "hep-ph",
      reportNumber   = "CERN-PH-TH-2008-038, CAVENDISH-HEP-08-03, KA-TP-05-2008,
                        DCPT-08-22, IPPP-08-11, CP3-08-05",
      SLACcitation   = "%%CITATION = ARXIV:0803.0883;%%",
}
%% Sherpa
@article{Gleisberg:2008ta,
      author         = "Gleisberg, T. and Hoeche, Stefan. and Krauss, F. and Schonherr, M. and Schumann, S. and others",
      title          = "{Event generation with SHERPA 1.1}",
      journal        = "JHEP",
      volume         = "0902",
      pages          = "007",
      doi            = "10.1088/1126-6708/2009/02/007",
      year           = "2009",
      eprint         = "0811.4622",
      archivePrefix  = "arXiv",
      primaryClass   = "hep-ph",
      reportNumber   = "FERMILAB-PUB-08-477-T, SLAC-PUB-13420, ZU-TH-17-08,
                        DCPT-08-138, IPPP-08-69, EDINBURGH-2008-30, MCNET-08-14",
      SLACcitation   = "%%CITATION = ARXIV:0811.4622;%%",
}
%% Lund Model
@article{Sjostrand:1986hx,
      author         = "Sj$\ddot{\textrm{o}}$strand, Torbj$\ddot{\textrm{o}}$rn and Bengtsson, Mats",
      title          = "{The Lund Monte Carlo for Jet Fragmentation and e+ e- Physics. Jetset Version 6.3: An Update}",
      journal        = "Comput. Phys. Commun.",
      volume         = "43",
      pages          = "367",
      doi            = "10.1016/0010-4655(87)90054-3",
      year           = "1987",
      reportNumber   = "LU-TP-86-22",
      SLACcitation   = "%%CITATION = CPHCB,43,367;%%",
}
%%ALOHA
@article{deAquino:2011ub,
      author         = "de Aquino, Priscila and Link, William and Maltoni, Fabio and Mattelaer, Olivier and Stelzer, Tim",
      title          = "{ALOHA: Automatic Libraries Of Helicity Amplitudes for Feynman Diagram Computations}",
      journal        = "Comput. Phys. Commun.",
      volume         = "183",
      year           = "2012",
      pages          = "2254-2263",
      doi            = "10.1016/j.cpc.2012.05.004",
      eprint         = "1108.2041",
      archivePrefix  = "arXiv",
      primaryClass   = "hep-ph",
      reportNumber   = "CP3-11-26",
      SLACcitation   = "%%CITATION = ARXIV:1108.2041;%%"
}
%%LHE files
@article{Alwall:2006yp,
      author         = "Alwall, Johan and Ballestrero, A. and Bartalini, P. and Belov, S. and Boos, E. and others",
      title          = "{A Standard format for Les Houches event files}",
      journal        = "Comput.Phys.Commun.",
      volume         = "176",
      pages          = "300-304",
      doi            = "10.1016/j.cpc.2006.11.010",
      year           = "2007",
      eprint         = "hep-ph/0609017",
      archivePrefix  = "arXiv",
      primaryClass   = "hep-ph",
      reportNumber   = "FERMILAB-PUB-06-337-T, CERN-LCGAPP-2006-03",
      SLACcitation   = "%%CITATION = HEP-PH/0609017;%%",
}
%% MLM Matching
@article{Mangano:2001xp,
      author         = "Mangano, Michelangelo L. and Moretti, Mauro and Pittau, Roberto",
      title          = "{Multijet matrix elements and shower evolution in hadronic collisions: $W b \bar{b}$ + $n$ jets as a case study}",
      journal        = "Nucl.Phys.",
      volume         = "B632",
      pages          = "343-362",
      doi            = "10.1016/S0550-3213(02)00249-3",
      year           = "2002",
      eprint         = "hep-ph/0108069",
      archivePrefix  = "arXiv",
      primaryClass   = "hep-ph",
      reportNumber   = "CERN-TH-2001-215",
      SLACcitation   = "%%CITATION = HEP-PH/0108069;%%",
}
%%% CKKW
@article{Krauss:2002up,
      author         = "Krauss, F.",
      title          = "{Matrix elements and parton showers in hadronic interactions}",
      journal        = "JHEP",
      volume         = "0208",
      pages          = "015",
      doi            = "10.1088/1126-6708/2002/08/015",
      year           = "2002",
      eprint         = "hep-ph/0205283",
      archivePrefix  = "arXiv",
      primaryClass   = "hep-ph",
      SLACcitation   = "%%CITATION = HEP-PH/0205283;%%",
}
%% Geant
@article{Agostinelli:2002hh,
  author         = "Agostinelli, S. and others",
  title          = "{GEANT4 --- a simulation toolkit}",
  collaboration  = "GEANT4",
  journal        = "Nucl. Instrum. Meth. A",
  volume         = "506",
  pages          = "250",
  doi            = "10.1016/S0168-9002(03)01368-8",
  year           = "2003",
  reportNumber   = "SLAC-PUB-9350, FERMILAB-PUB-03-339",
  SLACcitation   = "%%CITATION = NUIMA,A506,250;%%",
}

%% Bib File (references) for ********************************* Chapter - 4 **************************************************************
%% CRAB
@techreport{Sala:1358821,
      author        = "Sala, Leonardo",
      title         = "{CRAB: Distributed analysis tool for CMS}",
      institution   = "CERN",
      collaboration = "CMS",
      address       = "Geneva",
      number        = "CMS-CR-2009-318",
      year          = "2009",
      reportNumber  = "CMS-CR-2009-318",
      note          = "{\url{https://cds.cern.ch/record/1358821}}",
}

@article{Khachatryan:2015pea,
  author         = "Khachatryan, Vardan and others",
  title          = "{Event generator tunes obtained from underlying event and multiparton scattering measurements}",
  collaboration  = "CMS",
  journal        = "Eur. Phys. J. C",
  volume         = "76",
  year           = "2016",
  pages          = "155",
  doi            = "10.1140/epjc/s10052-016-3988-x",
  eprint         = "1512.00815",
  archivePrefix  = "arXiv",
  primaryClass   = "hep-ex",
  reportNumber   = "CMS-GEN-14-001, CERN-PH-EP-2015-291",
  SLACcitation   = "%%CITATION = ARXIV:1512.00815;%%"
}

@article{Skands:2014pea,
  author         = "Skands, Peter and Carrazza, Stefano and Rojo, Juan",
  title          = "{Tuning PYTHIA 8.1: the Monash 2013 Tune}",
  journal        = "Eur. Phys. J. C",
  volume         = "74",
  year           = "2014",
  pages          = "3024",
  doi            = "10.1140/epjc/s10052-014-3024-y",
  eprint         = "1404.5630",
  archivePrefix  = "arXiv",
  primaryClass   = "hep-ph",
  reportNumber   = "CERN-PH-TH-2014-069, MCNET-14-08, OUTP-14-05P",
  SLACcitation   = "%%CITATION = ARXIV:1404.5630;%%"
}


@article{Ball:2012cx,
  author         = "Ball, Richard D. and others",
  title          = "{Parton distributions with LHC data}",
  journal        = "Nucl. Phys. B",
  volume         = "867",
  year           = "2013",
  pages          = "244",
  doi            = "10.1016/j.nuclphysb.2012.10.003",
  eprint         = "1207.1303",
  archivePrefix  = "arXiv",
  primaryClass   = "hep-ph",
  reportNumber   = "EDINBURGH-2012-08, IFUM-FT-997, FR-PHENO-2012-014,
  RWTH-TTK-12-25, CERN-PH-TH-2012-037, SFB-CPP-12-47",
  SLACcitation   = "%%CITATION = ARXIV:1207.1303;%%"
}

@article{Alwall:2007fs,
  author         = "Alwall, Johan and others",
  title          = "{Comparative study of various algorithms for the merging
                     of parton showers and matrix elements in hadronic
                     collisions}",
  journal        = "Eur. Phys. J. C",
  volume         = "53",
  year           = "2008",
  pages          = "473",
  doi            = "10.1140/epjc/s10052-007-0490-5",
  eprint         = "0706.2569",
  archivePrefix  = "arXiv",
  primaryClass   = "hep-ph",
  reportNumber   = "SLAC-PUB-12604, CERN-PH-TH-2007-066, LU-TP-07-13,
                    KA-TP-06-2007, DCPT-07-62, IPPP-07-31",
  SLACcitation   = "%%CITATION = ARXIV:0706.2569;%%"
}

%% Pileup
@misc{Web:PileupScenario,
    author         = "Chatrchyan, S. and others",
    title          = {Pile-up scenario for Run-II},
    collaboration  = "CMS",
    howpublished   = {\url{https://twiki.cern.ch/twiki/bin/view/CMS/PdmVPileUpDescription},\url{https://twiki.cern.ch/twiki/bin/viewauth/CMS/PileupJSONFileforData#Pileup_JSON_Files_For_Run_II}}
}

%%FastJet
@article{Cacciari2011ma,
	  author         = "Cacciari, Matteo and Salam, Gavin P. and Soyez, Gregory",
	  title          = "{FastJet User Manual}",
	  journal        = "Eur. Phys. J. C",
	  volume         = "72",
	  pages          = "1896",
	  doi            = "10.1140/epjc/s10052-012-1896-2",
	  year           = "2012",
	  eprint         = "1111.6097",
	  archivePrefix  = "arXiv",
	  primaryClass   = "hep-ph",
	  reportNumber   = "CERN-PH-TH-2011-297",
	  SLACcitation   = "%%CITATION = ARXIV:1111.6097;%%",
}
%%FASTSIM
@article{Giammanco:2014bza,
          author         = "Giammanco, Andrea",
	  title          = "{The Fast Simulation of the CMS Experiment}",
	  booktitle      = "{Proceedings, 20th International Conference on Computing in High Energy and Nuclear Physics (CHEP 2013)}",
	  journal        = "J. Phys. Conf. Ser.",
	  volume         = "513",
	  year           = "2014",
	  pages          = "022012",
	  doi            = "10.1088/1742-6596/513/2/022012",
	  SLACcitation   = "%%CITATION = 00462,513,022012;%%"
}

%% Btag recommendation
@misc{Web:BtagReco,
    author         = "Chatrchyan, S. and others",
    title          = {B-tag Recommendation},
    collaboration  = "CMS",
    howpublished   = {\url{https://twiki.cern.ch/twiki/bin/viewauth/CMS/BtagRecommendation80X}}
}

@misc{Web:BtagCalib,
    author         = "Chatrchyan, S. and others",
    title          = {B-tag Calibration},
    collaboration  = "CMS",
    howpublished   = {\url{https://twiki.cern.ch/twiki/bin/view/CMS/BTagCalibration}}
}

%% k factor
@article{dijetkfactor1,                                                                                                                                                            
              author         = "Ellis, Stephen D. and Kunszt, Zoltan and Soper, Davison E.",
              title          = "{Two jet production in hadron collisions at order $\alpha_{s}^{3}$ in QCD}",
              journal        = "Phys.Rev.Lett.",
              volume         = "69",
              pages          = "1496-1499",
              doi            = "10.1103/PhysRevLett.69.1496",
              year           = "1992",
             reportNumber   = "OITS-495, UW-PT-92-08, ETH-PT-92-22",
             SLACcitation   = "%%CITATION = PRLTA,69,1496;%%",
}
@article{dijetkfactor2,
              author         = "Giele, W.T. and Glover, E.W. Nigel and Kosower, David A.",
              title          = "{Higher order corrections to jet cross-sections in hadron colliders}",
              journal        = "Nucl.Phys.",
              volume         = "B403",
              pages          = "633-670",
              doi            = "10.1016/0550-3213(93)90365-V",
              year           = "1993",
              eprint         = "hep-ph/9302225",
              archivePrefix  = "arXiv",
              primaryClass   = "hep-ph",
              reportNumber   = "FERMILAB-PUB-92-230-T, DTP-92-64, CERN-TH-6750-92",
            SLACcitation   = "%%CITATION = HEP-PH/9302225;%%",
}

%%CMSSHOW   
@misc{Web:cmsShow,
    author         = "Chatrchyan, S. and others",
    title     = "{Physics Analysis Oriented Event Display}",
    collaboration  = "CMS",
    howpublished   = {\url{https://twiki.cern.ch/twiki/bin/view/CMSPublic/WorkBookFireworks}},
    note           = {Accessed: 2015},
}

%% Interpolation
@Article{Interpolation,              
   author    = "Ozturk, Sertac and Jeong, Chiyoung and Lee, Sung-Won and Harris, Robert M. and Kousouris, Konstantinos",
   title     = "Plans to Search for New Particles Decaying to Dijets in $pp$ Collisions at $\sqrt{s}$ = 10 TeV",
   journal   = "",
   volume    = "",
   year      = "2009",
   note      = "CMS AN-2009/070"
}

%% Review article Dijet
@article{Harris:2011bh,
          author         = "Harris, Robert M. and Kousouris, Konstantinos",
	  title          = "{Searches for Dijet Resonances at Hadron Colliders}",
	  journal        = "Int. J. Mod. Phys.",
	  volume         = "A26",
	  year           = "2011",
	  pages          = "5005",
	  doi            = "10.1142/S0217751X11054905",
	  eprint         = "1110.5302",
	  archivePrefix  = "arXiv",
	  primaryClass   = "hep-ex",
	  reportNumber   = "FERMILAB-PUB-11-567, CERN-OPEN-2011-044",
	  SLACcitation   = "%%CITATION = ARXIV:1110.5302;%%"
}

%% CDF collaboration, fit comparison with NLO QCD
@article{Aaltonen:2008dn,    
          author         = "Aaltonen, T. and others",
          title          = "{Search for new particles decaying into dijets in proton-antiproton collisions at $\sqrt{s}=1.96$ TeV}", 
          collaboration  = "CDF",
          journal        = "Phys. Rev. D",
          volume         = "79",
          pages          = "112002",
          doi            = "10.1103/PhysRevD.79.112002",
          year           = "2009",
          eprint         = "0812.4036",
          archivePrefix  = "arXiv",
          primaryClass   = "hep-ex",
          reportNumber   = "FERMILAB-PUB-08-572-E",
          SLACcitation   = "%%CITATION = ARXIV:0812.4036;%%",
} 
%%% CMS Dijet 8 TeV
@article{Chatrchyan:2013qha,     
          author         = "Chatrchyan, Serguei and others",
          title          = "{Search for narrow resonances using the dijet mass spectrum in pp collisions at $\sqrt{s}=8$ TeV}",
          collaboration  = "CMS",
          journal        = "Phys. Rev.",
          volume         = "D87",
          pages          = "114015",
          doi            = "10.1103/PhysRevD.87.114015",
          year           = "2013",
          eprint         = "1302.4794",
          archivePrefix  = "arXiv",
          primaryClass   = "hep-ex",
          reportNumber   = "CMS-EXO-12-016, CERN-PH-EP-2013-015",
          SLACcitation   = "%%CITATION = ARXIV:1302.4794;%%",
}         

%%% CMS gamjet 8 TeV
@article{CMS_qstartogammaJet_8TeV,
      author         = "Khachatryan, Vardan and others",
      title          = "{Search for excited quarks in the $\gamma +$jet final
                        state in proton proton collisions at $\sqrt s=8$ TeV}",
      collaboration  = "CMS",
      journal        = "Phys. Lett.",
      volume         = "B738",
      year           = "2014",
      pages          = "274",
      doi            = "10.1016/j.physletb.2014.09.048",
      eprint         = "1406.5171",
      archivePrefix  = "arXiv",
      primaryClass   = "hep-ex",
      reportNumber   = "CMS-EXO-13-003, CERN-PH-EP-2014-129",
      SLACcitation   = "%%CITATION = ARXIV:1406.5171;%%"
}

%%% ATLAS gamjet 7 TeV
@article{ATLAS:2011ai,            
          author         = "Aad, Georges and others",
          title          = "{Search for production of resonant states in the photon-jet mass distribution using pp collisions at $\sqrt{s}=7$ TeV collected by the ATLAS detector}",
          collaboration  = "ATLAS",
          journal        = "Phys. Rev. Lett.",
          volume         = "108", 
          pages          = "211802",
          doi            = "10.1103/PhysRevLett.108.211802",
          year           = "2012",
          eprint         = "1112.3580",
          archivePrefix  = "arXiv",
          primaryClass   = "hep-ex",
          reportNumber   = "CERN-PH-EP-2011-203",
          SLACcitation   = "%%CITATION = ARXIV:1112.3580;%%",
}                  
%% ATLAS gamjet 8 TeV
@article{Aad:2013cva,             
          author         = "Aad, Georges and others",
          title          = "{Search for new phenomena in photon$+$jet events collected in proton--proton collisions at $\sqrt{s}$ = 8 TeV with the ATLAS detector}",
          collaboration  = "ATLAS",
          journal        = "Phys. Lett.",
          volume         = "B728", 
          pages          = "562", 
          doi            = "10.1016/j.physletb.2013.12.029",
          year           = "2014",
          eprint         = "1309.3230",
          archivePrefix  = "arXiv",
          primaryClass   = "hep-ex",
          reportNumber   = "CERN-PH-EP-2013-126, CERN-PH-2013-126",
          SLACcitation   = "%%CITATION = ARXIV:1309.3230;%%",
}   

%% chi2 
@article{Likelihood,
      author         = "S. Baker and R. D. Cousins",
      title          = "{Clarification of the Use of Chi Square and Likelihood Functions in Fits to Histograms}",
      journal        = "Nucl. Instrum. Meth.",
      volume         = "221",
      pages          = "437–442",
      doi            = "10.1016/0167-5087(84)90016-4",
      year           = "1984",
      SLACcitation   = "%%CITATION = PHRVA,D86,010001;%%",
}

%% PRD booklet
@article{PRD,
      author         = "Particle Data Group Collaboration",
      title          = "{Review of Particle Physics}",
      journal        = "Chin. Phys.",
      volume         = "C40",
      pages          = "no. 10, 100001",
      doi            = "10.1088/1674-1137/40/10/100001",
      year           = "2016",
      SLACcitation   = "%%CITATION = PHRVA,D86,010001;%%",
}

%%% JES and JER
@article{Chatrchyan:2011ds,   
          author         = "Chatrchyan, Serguei and others",
          title          = "{Determination of Jet Energy Calibration and Transverse Momentum Resolution in CMS}",
          collaboration  = "CMS",
          journal        = "JINST",
          volume         = "6",
          pages          = "P11002",
          doi            = "10.1088/1748-0221/6/11/P11002",
          year           = "2011",
          eprint         = "1107.4277",
          archivePrefix  = "arXiv",
          primaryClass   = "physics.ins-det",
          reportNumber   = "CERN-PH-EP-2011-102, CMS-JME-10-011",
          SLACcitation   = "%%CITATION = ARXIV:1107.4277;%%",
}  

@misc{Web:HiggsComb,
    title          = {Higgs Combine Toolkit},
    collaboration  = "CMS",         
    howpublished   = {\url{https://cms-hcomb.gitbooks.io/combine/content/}},
    note           = {Accessed: 2016},
}

@techreport{CMS-NOTE-2011-005,
          title         = "{Procedure for the LHC Higgs boson search combination in
                            Summer 2011}",
	  institution   = "CERN",
	  collaboration = "The ATLAS Collaboration, The CMS Collaboration, The LHC
                           Higgs Combination Group",
	  address       = "Geneva",
	  number        = "CMS-NOTE-2011-005. ATL-PHYS-PUB-2011-11",
	  month         = "Aug",
	  year          = "2011",
	  reportNumber  = "CMS-NOTE-2011-005",
	  note           = "{\url{https://cds.cern.ch/record/1379837}}"
}

@article{Junk:1999kv,
  author         = "Junk, Thomas",
  title          = "{Confidence level computation for combining searches with
                     small statistics}",
  journal        = "Nucl. Instrum. Meth. A",
  volume         = "434",
  year           = "1999",
  pages          = "435",
  doi            = "10.1016/S0168-9002(99)00498-2",
  eprint         = "hep-ex/9902006",
  archivePrefix  = "arXiv",
  primaryClass   = "hep-ex",
  reportNumber   = "CARLETON-OPAL-PHYS-99-01, CERN-EP-99-041",
  SLACcitation   = "%%CITATION = HEP-EX/9902006;%%"
}


@article{Read:2002hq,
  author         = "Read, Alexander L.",
  title          = "{Presentation of search results: The \textit{CLs} technique}",
  booktitle      = "{Advanced Statistical Techniques in Particle Physics. Proceedings, Conference, Durham, UK, March 18-22, 2002}",
  journal        = "J. Phys. G",
  volume         = "28",
  year           = "2002",
  pages          = "2693",
  doi            = "10.1088/0954-3899/28/10/313",
  note           = "",
  SLACcitation   = "%%CITATION = JPAGA,G28,2693;%%"
}

@article{Cowan:2010js,
      author         = "Cowan, Glen and Cranmer, Kyle and Gross, Eilam and
                        Vitells, Ofer",
      title          = "{Asymptotic formulae for likelihood-based tests of new
                        physics}",
      journal        = "Eur. Phys. J. C",
      volume         = "71",
      year           = "2011",
      pages          = "1554",
      doi            = "10.1140/epjc/s10052-011-1554-0",
      note           = "[Erratum: {\it Eur. Phys. J. C} {\bf 73} (2013) 2501, \DOI{10.1140/epjc/s10052-013-2501-z}]",
      eprint         = "1007.1727",
      archivePrefix  = "arXiv",
      primaryClass   = "physics.data-an",
      SLACcitation   = "%%CITATION = ARXIV:1007.1727;%%"
}

@book{Asimov,
      title={Isaac Asimov: The Complete Stories, Vol. 1},
      author={Isaac Asimov},
      year={1990},
      publisher={Broadway Books, New York City, USA}
}


